3809 5534
399 540 461 603 112
884 558 1067 603 1111111111
1160 574 1166 586 ·

398 708 610 782 desciuerant,
627 706 732 789 eapite
747 705 840 789 Syria
854 707 924 770 sine
938 709 1024 772 bello
1037 718 1175 791 recepta.
1201 708 1247 772 sic
1268 708 1478 774 Crassianam
1492 712 1551 775 cla-

399 817 473 877 dem
487 812 601 878 Paoori
616 815 712 876 caede
727 813 945 895 pensauimus.

515 1097 596 1159 XX.
621 1097 807 1160 BELLVM
823 1096 1097 1161 PARTHICVM
1113 1095 1197 1161 SVB
1212 1098 1437 1163 ANTONIO.

264 1321 333 1378 1111,
350 1301 388 1363 10
401 1299 551 1382 Expertis
565 1298 706 1362 inuicem
722 1298 851 1363 Parthis
867 1310 962 1382 atque
985 1298 1141 1362 Romanis
1149 1346 1160 1375 ,
1188 1321 1262 1362 cum
1284 1301 1422 1365 Crassus
1443 1313 1477 1365 et
1492 1303 1551 1366 Pa-

398 1427 490 1469 corus
516 1404 677 1487 utrimque
704 1404 823 1467 uirium
848 1414 1035 1467 mutuarum
1063 1406 1257 1467 documenta
1281 1405 1455 1483 fecissent,
1485 1408 1579 1489 parit

397 1532 507 1573 rursus
521 1509 701 1572 reuerentia
715 1510 874 1592 integrata
896 1509 1056 1585 amicitia,
1080 1510 1263 1600 etquidem
1285 1512 1326 1574 ab
1347 1510 1420 1594 ipso
1441 1512 1547 1574 foedus

397 1615 539 1679 Antonio
555 1638 629 1678 curn
643 1637 716 1697 rege
730 1637 925 1697 percussum.
950 1615 1006 1677 sed
1030 1651 1068 1661 —
1089 1614 1236 1677 inmensa
1258 1615 1388 1679 uanitas
1411 1617 1544 1680 hominis

399 1723 529 1782 --dum
542 1721 708 1783 titulorum
725 1720 875 1803 cupidine
889 1722 1019 1782 Araxen
1034 1728 1066 1781 et
1080 1720 1269 1801 Euphraten
1282 1721 1342 1782 sub
1353 1720 1542 1805 imaginrbus

394 1825 463 1887 suis
476 1825 542 1906 legi
557 1825 772 1907 concupiscit,
789 1846 892 1907 neque
907 1846 1003 1887 causa
1018 1846 1121 1907 neque
1136 1824 1269 1887 consilio
1285 1846 1322 1887 ac
1336 1847 1379 1888 ne
1394 1826 1541 1909 imagina-

395 1929 444 1992 ria
458 1929 587 2011 quidem
601 1929 680 1992 belli
694 1929 881 2002 indictione,
899 1928 991 2011 quasi
1005 1928 1065 1991 hoc
1080 1950 1205 2012 quoque
1220 1951 1261 1992 ex
1275 1940 1343 1992 arte
1358 1931 1453 1994 ducis
1468 1940 1540 1995 esset
1554 1939 1580 1989 10

395 2037 563 2118 obrepere,
590 2035 701 2098 relicta
714 2043 844 2118 repente
860 2034 952 2116 Syria
966 2033 1001 2095 in
1017 2034 1154 2097 Parthos
1173 2035 1332 2116 impetum
1351 2034 1442 2098 facit.
1472 2059 1540 2120 gens

395 2149 520 2221 praeter
545 2161 704 2203 armorum
723 2139 875 2202 fiduciam
897 2137 1014 2200 callida
1032 2138 1164 2201 simulat
1189 2139 1439 2221 trepidationem
1461 2154 1494 2205 et
1513 2142 1540 2203 in

395 2266 523 2327 campos
538 2244 660 2325 fugam.
693 2253 725 2306 et
739 2243 792 2306 hic
808 2243 917 2306 statim
932 2243 1024 2325 quasi
1046 2243 1149 2306 uictor
1168 2246 1378 2328 sequebatur,
1402 2268 1479 2310 cum
1499 2270 1540 2311 su·

393 2349 462 2412 bito
473 2370 533 2410 nec
547 2370 664 2431 magna
679 2348 822 2411 hostium
835 2370 951 2411 manus
966 2370 1007 2409 ex
1021 2348 1185 2430 inprouiso
1199 2360 1233 2413 et
1248 2350 1314 2412 iam
1328 2350 1365 2413 in
1380 2351 1482 2416 fessos
1495 2351 1540 2414 uia

357 2445 358 2448 ¹
392 2453 455 2515 sub
470 2472 601 2533 uespere
616 2454 707 2517 uelut
727 2454 856 2517 nimbus
877 2453 993 2536 erupit.
1027 2453 1133 2516 missis
1153 2454 1297 2537 undique
1318 2456 1449 2539 sagittis
1470 2460 1540 2521 duas
1556 2465 1580 2518 15

393 2557 534 2640 legiones
561 2570 764 2640 operuerunt.
798 2559 882 2621 nihil
907 2558 1065 2621 acciderat
1085 2557 1120 2619 in
1142 2560 1415 2642 comparationem
1435 2564 1538 2639 cladis,

391 2685 473 2746 quae
488 2664 524 2725 in
538 2673 701 2746 posterum
715 2664 801 2727 diem
814 2664 1026 2739 imminebat,
1049 2663 1114 2726 nisi
1134 2663 1362 2729 interuenisset
1377 2669 1477 2731 deum
1489 2668 1540 2731 mi·

392 2769 519 2830 seratio.
543 2790 628 2831 unus
643 2791 683 2830 ex
697 2770 787 2831 clade
803 2769 973 2833 Crassiana
993 2768 1144 2831 Parthico
1158 2768 1274 2832 habitu
1288 2771 1401 2835 castris
1416 2774 1540 2857 adequi-

392 2882 439 2934 tat
454 2882 486 2935 et
502 2874 604 2934 salute
616 2873 732 2935 Latine
747 2876 839 2950 data,
857 2896 932 2936 cum
945 2875 1043 2935 fidem
1058 2873 1128 2955 ipso
1142 2894 1289 2938 sermone
1303 2876 1453 2955 fecisset,
1469 2879 1540 2962 quid

390 2977 573 3039 immineret
589 2979 716 3041 edocuit
725 2995 744 3041 :·
757 2978 823 3041 iam
846 2979 1032 3041 adnumm
1052 2999 1126 3040 cum
1141 2979 1291 3043 omnibus
1306 2982 1408 3064 copiis
1423 3003 1537 3067 regem,
1554 2992 1580 3044 11

389 3080 475 3143 irent
489 3090 571 3144 retro
588 3086 794 3167 peterentque
806 3095 949 3158 montes3
978 3083 1023 3145 sic
1044 3105 1169 3166 quoque
1189 3083 1316 3148 hostem
1330 3086 1467 3152 fortasse
1481 3101 1540 3153 non

390 3186 507 3248 defore.
529 3197 625 3269 atque
637 3189 683 3250 ita
695 3198 803 3251 secuta
819 3197 867 3250 est
881 3186 987 3250 minor
1000 3188 1050 3251 uis
1065 3180 1207 3251 hostium
1221 3212 1320 3272 quam
1334 3191 1536 3269 imminebat3

388 3290 491 3353 adfuit
511 3301 630 3353 tamen.
661 3294 784 3355 deletae
805 3292 945 3373 reliquae
967 3293 1077 3375 copiae
1098 3294 1219 3370 forent,
1242 3293 1308 3357 nisi
1330 3289 1537 3380 mguenubus

387 3396 459 3459 telis
475 3396 510 3459 in
524 3399 657 3460 modum
671 3397 836 3480 grandinis
851 3397 983 3480 quidam
997 3398 1077 3459 forte
1089 3398 1181 3479 quasi
1195 3399 1281 3461 docti
1294 3394 1535 3484 procubuissent

386 3502 421 3563 in
436 3524 543 3585 genua
557 3486 696 3578 milites,
721 3513 753 3563 et
767 3501 858 3564 elatis
874 3524 970 3583 supra
984 3501 1091 3583 capita
1106 3503 1204 3567 scutis
1219 3526 1387 3569 caesorum
1402 3500 1534 3592 speciem
1548 3516 1574 3568 2⁵

385 3606 618 3689 praebuissent.
642 3617 720 3669 tunc
736 3606 875 3669 Parthus
891 3628 981 3669 arcus
1004 3606 1158 3669 inhibuit.
1183 3609 1259 3671 dein
1280 3595 1392 3675 narsus
1413 3635 1487 3677 cum
1504 3619 1534 3677 'se

387 3712 528 3773 Romani
544 3713 753 3787 extulissent,
776 3714 855 3774 adeo
870 3733 920 3773 res
935 3711 1089 3775 miraculo
1103 3712 1166 3775 fuit
1180 3724 1299 3778 utnon
1312 3738 1401 3781 unus
1417 3741 1459 3782 ex
1470 3720 1532 3782 bar·
1558 3737 1563 3748 ·

320 3831 321 3835 ’
386 3815 471 3877 baris
497 3816 618 3878 miserit
643 3838 755 3879 uocem
777 3810 836 3878 ‘ite
862 3826 895 3878 et
918 3816 1001 3878 bene
1022 3817 1128 3880 ualete
1152 3820 1310 3883 Romani!
1341 3823 1459 3888 merito
1481 3845 1531 3886 uos

387 3917 522 3983 uictores
548 3920 634 3982 fama
654 3921 800 4003 gentium
823 3920 981 4003 loquitur,
1009 3921 1065 4003 qui
1086 3923 1280 3988 Parthorum
1301 3927 1368 3990 tela
1387 3920 1529 4013 firgistis.’

385 4262 396 4311 1
412 4259 577 4329 grassianam
589 4270 609 4311 11
621 4257 630 4328 ll
645 4261 659 4310 2
672 4258 833 4327 pagoriaede
843 4271 869 4312 N
879 4259 888 4330 Η
901 4262 916 4311 3
929 4274 1096 4318 1111111111
1107 4277 1133 4317 Ν
1143 4266 1152 4335 il
1166 4270 1181 4318 1
1194 4282 1312 4336 pagorus
1324 4266 1391 4338 BNll
1405 4271 1422 4322 d
1432 4268 1528 4339 ingrata

381 4342 903 4414 111913111111111111111131
920 4342 1298 4421 olelllinomBss'lbet
1315 4352 1527 4423 missilesuas

380 4442 400 4481 Β
413 4429 422 4499 ss
437 4433 468 4482 16
481 4429 577 4498 gladiis
589 4441 614 4482 N
624 4430 634 4500 ΙΙ
649 4433 679 4481 11
693 4427 828 4481 eminebat
839 4440 858 4479 Β
871 4427 880 4496 ΙΙ
895 4432 926 4481 19
945 4448 1067 4485 sermone
1084 4452 1125 4485 om
1136 4436 1181 4507 Nl
1194 4437 1224 4487 21
1244 4435 1347 4488 montis
1367 4437 1384 4489 b
1397 4438 1407 4509 Ι]
1421 4441 1452 4491 23
1464 4436 1525 4491 dele

380 4519 476 4583 taeque
488 4526 514 4565 N
523 4513 532 4584 11
545 4514 705 4583 urgentibus
716 4526 736 4566 B
749 4512 757 4583 11
772 4516 804 4564 24
822 4513 931 4582 quidem
949 4515 978 4580 b,
998 4516 1114 4587 quadam
1131 4530 1157 4571 N
1167 4518 1176 4589 ss
1190 4522 1222 4572 25
1240 4535 1323 4594 super
1333 4521 1380 4592 Nn
1393 4522 1480 4592 specie
1489 4520 1523 4589 nl

381 4600 412 4649 26
432 4604 490 4649 tum
502 4610 526 4649 N
537 4598 545 4667 11
558 4604 651 4668 partus
663 4610 682 4649 B
696 4597 704 4667 11
718 4600 749 4649 27
763 4615 818 4650 non
830 4616 872 4649 om
883 4611 908 4650 Ν
919 4598 928 4668 ll
