3809 5534
378 610 418 669 74
882 623 951 665 ῐνῐΒ
968 623 1065 667 suoru

377 797 467 838 mum
481 774 635 837 uictoriae
650 775 765 847 decus,
793 771 930 854 supplex
952 793 1028 834 cum
1049 772 1085 835 in
1098 782 1205 835 castra
1219 772 1381 846 uenisset,
1410 793 1530 853 equum

377 892 410 943 et
430 880 578 963 phaleras
599 889 633 941 et
658 901 717 941 sua
737 899 826 940 arma
851 867 925 939 ante
947 878 1094 940 Caesaris
1116 899 1223 960 genua
1247 877 1392 959 proiecit.
1425 870 1530 940 ‘habe’

378 985 495 1068 inquit.
510 980 638 1048 ‘fortem
653 985 773 1059 uirum,
790 982 841 1045 uir
855 982 1039 1058 fortissime,
1056 976 1188 1045 uicisti.³

644 1205 750 1267 XLV.
774 1204 960 1267 BELLVM
976 1204 1262 1267 PARTHICVM.

260 1415 314 1470 111,
333 1398 368 1456 11
384 1392 474 1453 Dum
488 1390 600 1453 Gallos
615 1410 672 1471 per
687 1390 856 1451 Caesarem
871 1387 906 1449 in
921 1388 1138 1469 septentrione
1153 1390 1303 1464 debellat,
1320 1390 1392 1471 ipse
1407 1349 1531 1451 interim
1550 1403 1565 1451 5

381 1498 421 1559 ad
436 1495 591 1558 orientem
605 1514 705 1576 graue
726 1493 844 1557 uolnus
860 1514 880 1554 a
901 1493 1032 1558 Parthis
1052 1494 1191 1576 populus
1206 1496 1376 1557 Romanus
1399 1494 1526 1575 accepit.

381 1624 440 1664 nec
455 1603 495 1665 de
509 1601 639 1663 fortuna
654 1597 744 1681 queri
758 1619 946 1680 possumus;
964 1610 1051 1662 caret
1065 1599 1183 1663 solacio
1198 1600 1315 1663 clades.
1342 1598 1486 1661 aduersis
1500 1608 1529 1659 et

381 1707 430 1770 dis
445 1717 478 1769 et
492 1704 676 1768 hominibus
691 1701 850 1785 cupiditas
865 1704 1007 1768 consulis
1022 1704 1147 1779 Crassi,
1170 1705 1248 1767 dum
1263 1703 1418 1767 Parthico
1432 1702 1529 1765 inhiat

382 1834 479 1886 auro,
495 1809 646 1873 undecim
660 1818 766 1890 strage
780 1808 946 1890 legionum
960 1820 993 1871 et
1007 1809 1109 1891 ipsius
1131 1809 1236 1891 eapite
1256 1810 1397 1872 mult-ata
1420 1819 1478 1871 est.
1501 1817 1529 1870 et

383 1916 532 1980 tribunus
547 1913 635 1997 plebi
649 1913 802 1976 Metellus
817 1925 990 1977 exeuntem
1010 1916 1125 1977 ducem
1145 1913 1316 1978 hostilibus
1337 1914 1418 1977 diris
1440 1915 1529 1977 deuo
1543 1922 1563 1973 11

383 2031 493 2095 uerat,
519 2031 640 2082 etcum
656 2020 801 2100 Zeugma
821 2019 989 2083 transisset
1003 2020 1181 2095 exercitus,
1205 2031 1297 2102 rapta
1311 2019 1430 2083 subitis
1445 2019 1530 2101 signa

384 2126 567 2189 turbinibus
582 2123 692 2187 hausit
707 2124 906 2206 Euphrates,
929 2135 1058 2188 etcum
1079 2136 1158 2206 aput
1180 2124 1415 2208 Nicephorium
1436 2134 1531 2189 castra

384 2231 562 2315 posuisset,
578 2229 669 2293 missi
685 2230 724 2291 ab
739 2230 870 2291 Herode
885 2251 959 2311 rege
974 2229 1074 2311 legati
1088 2229 1299 2305 nuntiauere,
1314 2250 1532 2312 percussorum

385 2360 460 2401 cum
476 2335 628 2417 Pompeio
644 2336 807 2398 foederum
823 2333 978 2416 Sullaque
992 2335 1202 2399 meminisset.
1226 2335 1323 2417 regiis
1339 2335 1469 2400 inhians
1482 2334 1532 2398 ille

386 2441 585 2515 thensauris,
613 2439 758 2501 nihilne
780 2439 970 2522 imaginario
992 2440 1122 2522 quidem
1143 2441 1231 2516 iure,
1259 2450 1307 2503 set
1323 2441 1489 2504 Seleuciae
1503 2461 1532 2502 se
1547 2448 1569 2496 lt

385 2567 614 2630 responsurum
628 2566 696 2608 csse
711 2544 886 2626 respondit.
911 2544 1020 2626 itaque
1035 2544 1081 2607 dii
1102 2546 1266 2616 foederum
1280 2547 1403 2610 ultores
1418 2568 1477 2610 uec
1489 2545 1533 2608 in·

387 2652 475 2715 sidiis
491 2673 551 2714 uec
566 2650 681 2713 uirtuti
695 2649 838 2713 hostium
853 2650 1036 2713 dehrenmt.
1061 2650 1127 2714 iam
1145 2651 1303 2733 primum,
1326 2653 1385 2734 qui
1404 2651 1491 2714 solus
1505 2660 1534 2713 et

388 2757 565 2819 subuehere
586 2765 781 2818 commeatus
803 2766 835 2818 et
855 2754 981 2817 munire
1003 2765 1128 2837 poterat
1149 2779 1168 2817 a
1188 2767 1295 2838 terge,
1319 2756 1452 2828 relictus
1473 2757 1534 2820 Eu·

387 2861 529 2943 phrates,
546 2861 624 2921 dum
636 2859 786 2921 simulato
799 2860 984 2942 transfugae
995 2857 1124 2920 cuidam
1135 2860 1282 2923 Mazarae
1293 2861 1376 2943 Syro
1387 2861 1534 2925 creditur.

389 2977 459 3028 tum
474 2965 509 3027 in
522 2964 661 3028 mediam
676 2986 861 3046 camporum
875 2964 1063 3027 uastitatem
1084 2966 1196 3028 codem
1217 2966 1299 3027 duce
1318 2968 1438 3031 ductus
1452 2987 1535 3030 exer·
1549 2974 1574 3023 11

388 3069 489 3144 citus,
518 3080 556 3132 ut
582 3069 725 3151 undique
748 3067 834 3131 hosti
855 3081 1078 3152 exponeretur.
1107 3069 1217 3151 itaque
1243 3059 1382 3134 uindum
1408 3080 1537 3145 uenerat

389 3175 538 3250 Carrhas,
556 3196 629 3237 cum
645 3175 787 3257 undique
807 3174 961 3257 praefecti
980 3175 1063 3257 regis
1087 3174 1207 3238 Silaces
1228 3185 1261 3239 et
1282 3175 1414 3239 Sirenas
1436 3187 1536 3239 osteu-

381 3282 462 3343 dere
489 3280 581 3361 signa
606 3301 684 3342 auro
710 3280 880 3361 sericisque
906 3278 1036 3341 uexillis
1057 3278 1229 3343 uibrantia.
1262 3291 1342 3344 tunc
1362 3282 1434 3346 sine
1455 3302 1538 3346 mora

389 3383 573 3448 circumfusi
587 3384 730 3468 undique
745 3384 906 3466 equitatus
921 3383 957 3446 in
971 3385 1104 3446 modum
1118 3384 1285 3465 grandinis
1306 3396 1405 3468 atque
1419 3386 1537 3450 nimbo

389 3514 461 3554 rum
481 3493 581 3553 densa
601 3490 719 3572 pariter
739 3490 804 3553 tela
825 3489 988 3551 fuderunt.
1024 3489 1070 3551 sio
1092 3488 1267 3553 miserabili
1288 3501 1396 3573 strage
1419 3492 1537 3554 deletus
1551 3498 1573 3547 ²5

390 3596 560 3661 exercitus.
598 3596 666 3677 ipsc
692 3596 727 3658 in
752 3594 961 3677 conloquium
986 3593 1196 3672 sollicitatus,
1225 3595 1318 3678 signo
1344 3598 1421 3659 dato
1447 3596 1538 3659 uiuus

390 3700 531 3763 hostium
542 3722 658 3764 manus
670 3701 847 3775 incidisset,
860 3699 924 3762 nisi
937 3699 1073 3763 tribunis
1085 3700 1318 3763 reluctantibus
1330 3701 1444 3784 fugam
1455 3701 1538 3765 ducis

389 3804 515 3866 barbari
521 3805 603 3869 ferro
618 3816 837 3890 occupassent.
859 3804 917 3889 [sie
932 3827 1058 3887 quoque
1070 3806 1207 3868 relatum
1213 3818 1310 3888 caput
1322 3805 1465 3873 ludibrio
1473 3808 1538 3870 hos-

394 4065 404 4115 l
421 4078 530 4114 cumaea
544 4060 632 4130 (extra
644 4063 659 4112 2
672 4062 763 4131 mauu)
776 4062 896 4116 uenisset
907 4075 926 4114 Β
939 4063 948 4133 ll
961 4062 1082 4116 uenisset
1094 4080 1155 4116 cum
1168 4070 1196 4116 et
1212 4062 1308 4117 faleras
1325 4063 1371 4133 ΝΗ
1385 4066 1402 4116 2
1415 4061 1484 4116 habs
1493 4060 1538 4113 Pe·

393 4146 501 4201 trarclm
513 4143 626 4197 tauro
637 4144 707 4196 Iulii
720 4138 841 4199 Caesam
856 4151 896 4211 18,
907 4152 955 4200 52:
970 4148 1052 4200 habes
1064 4147 1127 4217 BNss
1141 4152 1156 4199 l
1168 4160 1238 4201 xuv1
1250 4160 1270 4200 B
1282 4148 1291 4217 i
1304 4152 1319 4199 5
1334 4147 1539 4217 septentrionem

390 4244 415 4284 N
426 4231 435 4299 11
449 4234 464 4283 6
478 4230 578 4283 uulnus
590 4240 610 4281 B
622 4227 631 4296 ΙΙ
645 4245 661 4279 a
671 4228 775 4297 phartis
786 4242 812 4284 N
822 4233 830 4300 11
844 4236 859 4285 8
873 4233 924 4285 diis
936 4245 956 4286 Β
968 4231 977 4301 ΙΙ
993 4235 1023 4284 10
1038 4233 1125 4301 plobis
1136 4245 1162 4284 N
1177 4232 1186 4302 ΙΙ
1199 4230 1296 4284 Ateius
1312 4230 1512 4286 Freinshemius
1528 4228 1536 4297 l

392 4322 536 4368 exuentem
547 4327 567 4367 Β
580 4312 589 4384 ll
602 4312 727 4366 hostibus
737 4326 757 4366 Β
770 4314 779 4383 ΙΙ
794 4318 825 4369 12
836 4317 954 4379 eufrates
965 4329 990 4369 N
1000 4317 1009 4386 ΙΙ
1022 4317 1217 4387 Nicephorium
1229 4314 1357 4369 Vinctus.-
1369 4316 1538 4386 nicephorum

392 4410 437 4452 ΒΝ
447 4398 455 4467 ll
473 4401 502 4450 13
515 4400 597 4452 orode
616 4410 641 4450 N
651 4397 660 4468 11
674 4397 871 4455 denunciauere
889 4414 914 4453 N
930 4402 939 4471 i
961 4405 990 4453 14
1009 4391 1130 4471 syllaque
1146 4412 1179 4464 Β,
1199 4400 1350 4469 sullamque
1366 4412 1394 4453 N
1404 4401 1414 4471 ΙΙ
1427 4418 1488 4453 num
1503 4403 1539 4450 set

393 4482 496 4551 regiis?
515 4483 524 4551 Η
539 4487 568 4535 15
587 4482 724 4559 thesauris
734 4495 753 4535 Β
766 4484 775 4553 {l
788 4501 822 4536 ne
835 4503 876 4536 om
887 4497 913 4536 N
923 4486 932 4555 ΙΙ
948 4488 978 4538 18
991 4484 1091 4537 muniri
1101 4497 1121 4536 Β
1134 4484 1142 4553 l
1158 4487 1188 4537 19
1201 4502 1321 4538 manzara
1331 4485 1376 4555 Nl
1391 4490 1424 4540 20
1437 4492 1493 4540 tum
1504 4500 1539 4535 orn

395 4578 413 4617 Β
426 4565 435 4633 ll
449 4568 479 4617 21
502 4574 533 4619 ut
545 4585 586 4619 om
597 4580 620 4621 N
633 4568 642 4637 l}
656 4572 688 4621 22
701 4585 810 4638 syrenas
821 4581 846 4621 N
857 4568 866 4638 ΙΙ
878 4570 1040 4623 hostendere
1052 4582 1071 4624 Β
1084 4571 1092 4637 ΙΙ
1106 4573 1139 4622 23
1152 4577 1211 4624 tum
1221 4581 1248 4622 N
1258 4569 1266 4638 ΙΙ
1281 4573 1312 4622 21
1326 4571 1355 4622 in
1368 4570 1488 4624 hostium
1497 4581 1519 4621 N
1529 4567 1535 4635 l

397 4648 492 4702 incidit
504 4650 552 4702 sed
563 4652 616 4706 nisi
627 4666 653 4706 N
663 4652 672 4722 ll
