3809 5534
695 617 882 673 er1roua1,
902 609 933 660 18
952 596 1004 683 [11,
1023 596 1065 682 2].
1417 606 1453 665 31

249 764 274 825 I
291 762 357 827 nisi
371 764 554 845 paruisset,
577 767 680 829 securi
696 768 847 831 destricta
861 767 1034 851 imperator
1048 780 1138 831 metu
1152 770 1263 834 mortis
1279 772 1455 857 nauigandi

290 868 369 933 fecit
394 870 575 934 audaciam.
611 895 687 936 mox
715 874 831 938 deinde
859 875 967 937 uentis
988 875 1147 957 remisque
1168 889 1372 959 properatum
1393 893 1453 956 est,

293 987 471 1059 tantusque
493 988 593 1041 terror
613 968 730 1042 host'ici
752 982 911 1044 aduentus
938 980 1055 1044 Poenis
1077 981 1139 1044 fuit
1161 994 1199 1044 ut
1222 984 1338 1065 apertis
1353 1006 1454 1067 paene

292 1082 395 1166 portis
411 1084 575 1166 Carthago
590 1096 766 1166 caperetur.
792 1086 991 1168 prooemium
1013 1087 1091 1150 belli
1112 1087 1175 1153 fuit
1191 1088 1305 1152 ciuitas
1321 1090 1450 1173 Clipea3

261 1202 275 1251 5
292 1188 398 1271 prima
413 1189 501 1253 enim
524 1211 544 1252 a
565 1190 690 1254 Punico
712 1191 805 1254 litore
828 1193 919 1275 quasi
940 1215 997 1255 arx
1018 1203 1051 1255 et
1073 1194 1203 1275 specula
1224 1195 1391 1276 procurrit.
1422 1206 1454 1259 et

295 1295 374 1358 haec
390 1306 423 1358 et
440 1306 584 1357 trecenta
599 1296 736 1378 amplius
752 1299 885 1362 castella
899 1309 1027 1362 uastata
1042 1310 1129 1362 sunt.
1147 1320 1208 1362 nec
1223 1321 1297 1363 cum
1313 1301 1452 1364 homini-

294 1402 373 1476 bus,
403 1403 460 1465 sed
486 1422 562 1464 cum
580 1403 732 1466 monstris
755 1425 880 1486 quoque
902 1404 1090 1467 dimicatum
1113 1415 1180 1480 est,
1209 1426 1283 1468 cum
1305 1407 1397 1487 quasi
1417 1406 1453 1470 in

295 1507 476 1571 uindictam
491 1506 618 1570 Africae
633 1519 711 1572 nata
724 1509 824 1573 mirae
839 1510 1073 1594 magnitudinis
1096 1532 1225 1593 serpens
1247 1512 1353 1593 posita
1374 1525 1453 1595 aput

294 1616 479 1697 Bagradam
501 1625 604 1677 castra
624 1614 803 1678 uexaucrit.
841 1628 889 1679 set
910 1617 1057 1679 omnium
1082 1616 1185 1679 uictor
1209 1617 1356 1700 Regulus
1378 1638 1452 1679 cum

248 1731 276 1781 ιο
296 1730 453 1782 terrorem
468 1719 609 1782 nominis
625 1720 676 1782 sui
691 1721 756 1785 late
778 1721 1030 1786 circumtulisset
1052 1743 1189 1804 cumque
1209 1743 1361 1805 magnam
1383 1722 1452 1785 uim

294 1824 478 1888 iuuentutis
491 1827 651 1908 ducesque
667 1825 752 1908 ipsos
769 1838 825 1890 aut
841 1828 1008 1892 cecidisset
1023 1840 1080 1892 aut
1097 1828 1232 1892 haberet
1247 1828 1282 1890 in
1297 1828 1450 1904 uinculis,

294 1933 495 2014 classemque
510 1931 636 2014 ingenti
650 1934 768 2015 praeda
783 1941 933 1995 onustam
956 1944 988 1995 et
1010 1933 1175 2017 triumpho
1195 1956 1327 2017 grauem
1349 1934 1384 1996 in
1400 1958 1451 1998 ur·

292 2039 368 2101 bem
383 2037 613 2120 praemisisset,
630 2037 695 2100 iam
710 2038 815 2121 ipsam
830 2037 908 2100 belli
924 2050 1021 2122 caput
1043 2040 1274 2122 Carthaginem
1295 2042 1453 2122 urguebat

293 2143 420 2207 obsidio
436 2144 577 2227 ipsisque
592 2144 691 2226 portis
706 2144 905 2208 inhaerebat.
930 2146 984 2207 hie
999 2146 1170 2227 paululum
1186 2146 1379 2209 circumacta
1389 2147 1451 2209 for·

248 2261 273 2312 tt
293 2261 377 2313 tuna
402 2259 470 2325 est,
500 2260 628 2313 tantum
656 2262 694 2314 ut
719 2252 812 2334 plura
827 2262 934 2314 essent
957 2254 1123 2315 Romanae
1144 2252 1275 2314 uirtutis
1295 2251 1449 2333 insignia,

293 2354 387 2418 cuius
402 2354 469 2418 fere
490 2356 679 2439 magnitudo
702 2357 938 2420 calamitatibus
962 2359 1166 2440 adprobatur.
1191 2380 1268 2421 nam
1290 2358 1451 2421 conuersis

294 2463 334 2525 ad
350 2472 485 2524 externa
499 2461 621 2524 auxilia
635 2463 801 2538 hostibus,
827 2485 901 2526 cum
923 2463 1152 2546 Xanthippum
1174 2463 1238 2526 illis
1261 2465 1375 2525 ducem
1391 2465 1451 2525 La·

293 2569 470 2630 cedaemon
484 2566 643 2643 misisset,
667 2590 686 2629 a
705 2568 776 2630 uiro
798 2568 933 2631 militiae
955 2568 1147 2650 peritissimo
1169 2568 1332 2631 uincimur
1360 2569 1453 2631 foeda

295 2673 385 2736 clade
421 2672 641 2755 Romanisque
668 2696 729 2737 usu
755 2674 940 2758 incognita:
979 2673 1075 2736 uiuus
1101 2674 1136 2735 in
1161 2695 1277 2737 manus
1309 2672 1451 2737 hostium

248 2790 276 2842 20
295 2779 387 2843 uenit
402 2778 596 2843 fortissimus
618 2778 801 2861 imperator.
827 2781 882 2842 sed
904 2778 959 2841 ille
981 2778 1112 2861 quidem
1126 2801 1183 2862 par
1198 2791 1307 2843 tantae
1323 2780 1451 2842 calami·

297 2886 356 2949 tati
378 2884 460 2960 fuit3
485 2907 562 2947 nam
587 2907 647 2947 nce
669 2884 794 2948 Punico
816 2906 939 2948 carcere
961 2883 1116 2948 infractus
1140 2896 1188 2949 est
1210 2905 1269 2948 nec
1291 2884 1452 2968 legatione

295 3002 454 3075 suscepta.
480 2991 598 3073 quippe
621 2991 748 3076 diuersa
770 3012 866 3073 quam
887 2991 989 3054 hostis
1011 2992 1221 3055 mandauerat
1243 2993 1386 3068 censuit,
1410 3014 1452 3054 nc

295 3121 358 3181 pax
372 3101 483 3173 fieret,
507 3118 548 3159 ne
564 3097 772 3159 commutatio
788 3096 991 3179 captiuorum
1006 3096 1209 3179 reciperetur.
1236 3099 1291 3161 sed
1314 3119 1373 3160 nec
1396 3098 1453 3161 illo

296 3203 479 3268 uoluntario
500 3204 540 3266 ad
562 3202 663 3265 hostis
687 3225 760 3265 suos
781 3202 887 3266 reditu
908 3224 969 3265 nec
997 3202 1113 3265 ultimo
1135 3203 1205 3267 siue
1240 3204 1373 3268 carceris
1396 3226 1453 3267 seu

254 3319 278 3371 ts
296 3310 398 3373 crucis
414 3308 572 3392 supplicio
588 3309 765 3371 deformata
793 3308 959 3383 maiestas3
985 3308 1085 3371 immo
1106 3309 1157 3371 his
1181 3310 1330 3372 omnibus
1351 3308 1452 3371 admi-

296 3417 424 3481 rabilior
440 3414 519 3498 quid
534 3414 622 3477 aliud
638 3436 735 3497 quam
750 3414 853 3477 uictor
868 3416 908 3477 de
923 3394 1099 3477 uictoribus
1116 3425 1211 3498 atque
1233 3415 1349 3489 etiam,
1377 3413 1453 3495 quia

299 3523 461 3605 Carthago
475 3543 542 3582 nen
558 3531 713 3596 cesserat,
731 3522 770 3583 de
786 3521 916 3583 fortuna
931 3518 1166 3603 triumphauit?
1188 3522 1327 3602 populus
1343 3528 1452 3582 autem

298 3631 463 3693 Romanus
490 3626 593 3689 multo
621 3626 721 3689 acrior
743 3625 960 3707 intentiorque
982 3647 1039 3708 pro
1067 3624 1190 3688 ultione
1214 3623 1334 3707 Reguli
1355 3645 1452 3705 quam

299 3758 352 3818 pro
368 3732 507 3799 uictoria
519 3732 593 3797 fuit.

301 3944 309 3991 l
324 3940 479 4011 paruissent
490 3950 509 3991 Β
522 3938 531 4008 11
543 3938 688 4008 imperator
700 3957 754 4009 quo
767 3946 841 3993 matu
853 3951 872 3992 Β
885 3938 894 4007 11
912 3936 1068 4007 nauigando
1079 3949 1098 3989 Β
1111 3937 1119 4006 11
1133 3940 1148 3988 2
1162 3935 1260 3989 denide
1272 3949 1296 3989 N
1307 3937 1316 4006 11
1329 3940 1345 3988 4
1358 3953 1453 4005 prooe-

299 4027 379 4079 mium
390 4025 458 4079 belli
469 4023 680 4094 ampei:'prima
690 4024 823 4093 premium
835 4022 899 4076 belli
916 4035 963 4087 ΒΙ,
983 4023 1070 4093 prima
1086 4021 1151 4074 belli
1170 4022 1318 4091 praemium
1336 4034 1361 4074 N
1379 4022 1387 4090 11
1406 4021 1453 4074 eli-

297 4129 372 4181 peam
382 4123 412 4175 Β,
427 4111 522 4181 clypea
532 4108 560 4162 Il
573 4110 581 4180 11
595 4114 610 4163 ⁵
623 4128 680 4163 ares
693 4117 721 4164 at
731 4122 765 4173 Β,
785 4115 886 4162 arasset
897 4120 922 4161 N
938 4108 947 4178 11
965 4112 981 4161 8
999 4116 1079 4161 natus
1098 4119 1114 4159 Ι
1131 4107 1140 4177 11
1153 4110 1169 4158 t)
1181 4105 1328 4177 bragadam
1339 4120 1373 4170 Β,
1393 4106 1452 4158 bra-

300 4197 390 4250 eedam
401 4209 418 4249 Ι
429 4196 438 4265 11
452 4200 564 4248 uexeret
575 4207 600 4247 N
611 4195 619 4265 11
635 4198 665 4248 10
677 4203 806 4249 terrorem
818 4195 846 4247 in
859 4211 952 4247 omnes
971 4193 1014 4246 sui
1031 4205 1056 4246 N
1073 4193 1082 4262 11
1104 4195 1132 4246 11
1156 4192 1296 4245 cecidisset
1313 4192 1363 4243 edd
1379 4195 1451 4242 cett:

300 4283 432 4352 coepisset
443 4292 492 4345 ΒΙ,
513 4280 628 4350 cepisset
640 4293 665 4334 N
680 4281 689 4351 11
710 4283 741 4333 12
754 4281 852 4352 urqu
865 4280 874 4349 11
890 4283 919 4331 13
932 4286 989 4332 tam
1001 4290 1020 4332 Β
1033 4278 1042 4348 11
1064 4278 1123 4347 ipsa
1134 4289 1167 4341 Β,
1192 4278 1281 4348 ipsum
1292 4276 1322 4327 1¹¹
1344 4274 1352 4343 11
1371 4280 1452 4342 caput

297 4367 409 4438 belliNll
426 4370 457 4419 14
470 4366 653 4436 obsidionali}
665 4366 827 4436 paulumNss
842 4364 1086 4433 llsanthippumN
1098 4364 1106 4434 11
1122 4366 1152 4415 18
1161 4363 1360 4416 uincimurtum
1372 4357 1452 4410 foeda

298 4465 326 4518 N,
346 4452 461 4524 regulus
473 4452 562 4504 uictus
575 4457 617 4504 est
628 4451 761 4521 foedaque
772 4451 807 4521 111
823 4454 853 4503 19
867 4450 943 4503 clade
955 4448 1067 4517 scripsi:
1086 4448 1175 4501 clades
1187 4458 1245 4499 BJN
1255 4445 1264 4514 11
1278 4443 1387 4513 cognita
1398 4455 1418 4495 Β
1430 4442 1440 4511 11

299 4554 358 4590 nam
370 4538 478 4591 uiuus!
489 4537 498 4607 11
512 4541 543 4590 20
551 4537 710 4589 calamitatis
722 4536 774 4589 JlN
785 4537 793 4606 11
807 4541 838 4589 22
851 4537 943 4589 hostes
955 4547 999 4588 BN
1009 4535 1017 4604 11
1031 4534 1225 4586 mandauerant
1235 4542 1259 4582 N
1271 4529 1279 4599 11
1294 4533 1326 4580 23
1339 4544 1401 4580 nece
1422 4538 1450 4589 Β,

299 4640 346 4677 neo
357 4637 374 4678 Ι
384 4622 394 4694 11
409 4622 619 4676 commutatione
631 4634 656 4675 N
666 4622 675 4692 11
689 4626 721 4674 ²4
734 4622 826 4675 hostes
837 4634 876 4675 IN
887 4622 896 4692 11
908 4620 1032 4675 redditus
1043 4632 1063 4671 Β
1076 4620 1084 4688 11
1098 4635 1201 4672 carcere
1209 4628 1248 4669 [N
1258 4614 1267 4684 11
1279 4613 1338 4666 siue
1350 4611 1452 4681 suppli-

302 4710 340 4762 cio
352 4710 387 4781 [11
402 4712 435 4762 26
449 4708 564 4761 uictusN
574 4708 583 4778 11
596 4711 628 4761 28
642 4707 819 4779 infestiorque
830 4719 856 4758 N
866 4709 875 4777 11
