3809 5534
465 584 599 644 XLVIII
950 565 1152 641 rmnrsrrof

468 749 580 833 itaque
600 768 666 810 non
687 746 818 810 uidetur
839 768 916 811 casu
938 746 1060 809 factum
1082 747 1168 830 quod
1190 767 1265 809 cum
1286 746 1439 810 Lucanus
1459 747 1549 824 VII,
1575 753 1637 809 409

469 854 585 918 dixerit
605 846 652 917 ‘ct
665 853 820 916 damnata
836 852 892 916 dia
906 852 1065 915 Romanis
1079 851 1160 915 Alia
1173 843 1310 936 sastis’‚
1327 852 1441 915 Herus
1463 850 1504 913 de
1526 852 1640 913 eadem

469 961 560 1024 clade
575 981 597 1042 p
616 965 652 1021 17
656 1006 665 1035 ,
684 964 702 1019 9
726 958 841 1021 referat
852 953 975 1041 ‘itaque
988 957 1073 1021 hanc
1093 957 1176 1020 diem
1190 955 1298 1042 fastis
1312 958 1420 1020 Roma
1435 947 1637 1028 damnauit',·

468 1067 555 1130 idem
570 1087 593 1148 p
611 1072 683 1140 101,
704 1069 741 1127 16
758 1059 836 1127 dicit
847 1057 994 1146 ‘sparsae
1001 1061 1104 1146 mapis
1119 1084 1215 1145 qaam
1231 1084 1398 1145 oppressae
1411 1060 1499 1125 uires
1514 1053 1637 1137 erant',

469 1174 621 1237 Lucanus
648 1180 756 1233 autem
782 1170 889 1245 VIII,
918 1174 980 1231 273
1014 1162 1150 1250 ‘sparsit
1162 1168 1274 1249 potins
1304 1167 1485 1232 Pharsalia
1512 1175 1640 1231 nostras

475 1279 580 1348 Quam
594 1273 750 1340 calamit
768 1266 868 1357 opes'.
900 1273 1009 1336 minus
1025 1283 1149 1336 certum
1164 1273 1268 1336 uideri
1288 1283 1395 1356 potest
1410 1274 1497 1356 quod
1512 1273 1638 1336 Grono-

471 1383 546 1447 uius
569 1382 721 1446 diatribes
743 1380 777 1443 in
800 1379 942 1443 Statium
963 1386 1037 1442 048
1053 1401 1075 1461 p
1093 1385 1150 1442 321
1175 1379 1362 1455 adnotauit,
1391 1378 1491 1441 uerba
1513 1376 1638 1441 Lucani

470 1490 577 1566 VIII,
598 1494 658 1550 730
671 1481 867 1569 ‘Pompeia-³,
883 1488 1043 1562 Fortuna,
1063 1476 1151 1548 tans’
1167 1484 1201 1548 in
1217 1495 1325 1548 mente
1339 1484 1492 1547 habuisse
1507 1484 1639 1547 Florum

473 1617 547 1659 cum
576 1594 728 1658 scriberet
754 1615 776 1675 p
806 1597 865 1668 66,
898 1598 916 1653 4
941 1586 1064 1655 ‘titulos
1086 1590 1213 1676 planiae
1232 1589 1383 1672 Pompeio
1408 1612 1466 1652 sao
1492 1590 1639 1653 Fortuna

471 1691 671 1787 quaerebat'.
695 1698 778 1761 illud
792 1696 924 1780 grauius
948 1708 998 1760 est
1022 1698 1108 1778 quod
1116 1744 1126 1774 ,
1145 1719 1220 1759 cum
1234 1696 1377 1780 plerique
1392 1717 1504 1759 omnes
1520 1696 1647 1759 Camil-.

472 1809 543 1872 lum
564 1806 689 1868 Ardeae
711 1803 857 1865 exulasse
880 1805 1025 1878 tradant,
1050 1804 1201 1865 Lucanus
1216 1804 1264 1880 V,
1283 1807 1322 1864 28
1344 1823 1419 1865 eum
1433 1799 1535 1865 Veios
1550 1800 1637 1863 habi-

473 1924 557 1975 tasse
581 1909 678 1985 dicit,
695 1909 781 1991 quod
795 1908 927 1970 Florum
942 1929 1069 1990 quoque
1083 1929 1106 1990 p
1122 1913 1175 1983 26,
1193 1914 1233 1969 25
1247 1908 1363 1970 referre
1376 1916 1462 1969 recte
1477 1905 1637 1969 intellexit

474 2014 652 2081 Salmasius
667 2024 698 2078 et
714 2014 779 2077 iam
794 2035 835 2076 ex
856 2014 974 2097 apertis
996 2012 1115 2076 codicis
1134 2021 1164 2075 B
1184 2012 1330 2096 uestigiis
1351 2012 1528 2076 certissime
1550 2012 1636 2076 resti-

474 2132 583 2186 tutum
606 2131 665 2184 est.
701 2131 863 2204 praeterea
887 2142 904 2182 e
925 2118 1062 2202 Vergilii
1083 2118 1195 2201 ecloga
1216 2122 1252 2196 I,
1278 2124 1316 2179 67
1344 2126 1405 2181 toto
1425 2117 1548 2181 dianas
1571 2119 1636 2181 orba

472 2226 651 2292 Britannos
671 2228 785 2289 Florus
806 2247 828 2308 p
845 2235 897 2303 71,
919 2234 932 2289 1
956 2233 1123 2289 mutuatus
1145 2235 1204 2287 est.
1243 2246 1325 2308 quae
1339 2223 1520 2287 Meinertus
1536 2224 1635 2287 imita·

474 2333 571 2398 tionis
587 2354 604 2394 e
620 2332 701 2395 Silio
723 2331 837 2395 Italico
860 2334 976 2397 ductae
990 2330 1130 2414 uestigia
1145 2330 1325 2407 adnotauit,
1350 2352 1388 2393 ea
1409 2340 1447 2393 ut
1471 2330 1635 2394 incertiora

473 2437 621 2502 omittere
636 2437 737 2501 satius
755 2436 845 2501 duxi.

539 2545 686 2608 Fortasse
701 2543 770 2627 ipse
785 2543 838 2607 hic
854 2543 1097 2608 declamatorius
1113 2542 1199 2608 color
1213 2564 1310 2607 causa
1325 2541 1399 2618 fuit,
1416 2564 1474 2605 cur
1487 2542 1634 2625 posteris

473 2673 522 2714 res
545 2651 733 2734 scriptores,
761 2652 889 2733 quando
911 2650 1075 2713 succincta
1093 2673 1201 2713 rerum
1221 2652 1444 2713 Romanarum
1458 2648 1634 2711 narratione

474 2757 520 2821 eis
536 2778 617 2839 opus
632 2755 713 2832 fuit,
737 2755 831 2818 Floro
853 2756 1058 2839 potissimum
1080 2756 1132 2820 usi
1155 2756 1232 2819 sint.
1271 2756 1318 2818 ita
1340 2754 1460 2818 Sextus
1484 2756 1591 2818 Rufus
1604 2754 1634 2815 in

474 2861 532 2936 eis,
550 2882 632 2943 quae
647 2862 686 2923 de
700 2861 794 2924 bellis
810 2883 883 2924 cum
893 2862 1070 2925 Thracibus
1087 2871 1118 2924 et
1126 2861 1255 2925 Parthis
1270 2861 1369 2944 gestis
1384 2883 1401 2924 c
1417 2866 1449 2937 9,
1471 2868 1507 2923 17
1512 2910 1522 2937 ,
1536 2867 1586 2936 18,
1600 2861 1633 2922 de

477 2966 631 3029 Galatisc
650 2973 699 3042 11,
719 2967 857 3029 derebus
874 2967 932 3029 sub
940 2967 1088 3049 Angusto
1103 2967 1213 3051 gestis,
1231 2965 1418 3049 praesertim
1433 2969 1473 3030 de
1482 2979 1586 3031 morte
1599 2968 1631 3030 C.

476 3070 632 3148 Caesaris,
650 3078 715 3135 019
732 3083 852 3150 narrat,
869 3072 945 3136 satis
962 3074 1208 3156 aperteFlorum
1224 3080 1352 3134 secutus
1369 3082 1427 3149 est,
1446 3073 1482 3135 cf
1491 3079 1576 3156 pes,
1587 3079 1630 3148 74,

479 3184 550 3253 111,
571 3181 642 3254 112,
654 3184 707 3255 46,
728 3186 798 3242 120.
823 3178 941 3242 idemc
958 3185 998 3241 20
1014 3180 1100 3261 quod
1115 3180 1154 3241 de
1166 3176 1304 3241 Traiano
1316 3172 1633 3263 ait‘postAnpnstam

474 3283 643 3346 Romanae
664 3284 714 3346 rei
730 3285 881 3366 publicae
901 3283 1003 3348 mouit
1024 3275 1171 3347 lacertos'
1187 3305 1228 3346 ex
1250 3282 1338 3346 Flori
1357 3284 1558 3365 praefatione
1571 3306 1592 3368 p
1606 3288 1631 3358 6,

477 3394 495 3449 6
518 3389 697 3472 descripsit.
736 3389 883 3453 similiter
904 3388 1072 3472 Ampelius
1096 3410 1178 3472 quae
1199 3394 1272 3451 025
1289 3390 1328 3451 de
1349 3388 1562 3455 seditionibus
1576 3390 1633 3473 ple

475 3494 524 3557 bis
539 3495 635 3558 refert
649 3496 745 3559 Floro
766 3517 788 3577 p
804 3502 855 3572 27,
876 3502 894 3557 4
917 3496 1011 3558 debet
1019 3542 1029 3571 ,
1054 3494 1260 3577 eiusdemque
1275 3494 1375 3557 uerba
1389 3516 1407 3557 c
1423 3501 1463 3556 42
1489 3488 1633 3578 ‘incapis-

477 3600 550 3665 61ῖὶ0
565 3600 694 3665 lionoris
708 3599 817 3664 Marii
831 3600 990 3685 cupiditas
1006 3601 1164 3663 decretam
1187 3600 1301 3663 Saliae
1321 3598 1492 3664 Ponticam
1505 3600 1633 3684 posin·

475 3704 559 3768 ciam
574 3705 678 3770 noluit
689 3705 811 3789 eripiare
818 3727 881 3787 per
895 3705 1091 3790 ropationern
1107 3705 1248 3788 Sulpicii
1261 3704 1495 3788 tribuniplebis
1502 3733 1516 3782 ;
1547 3704 1633 3769 Sulla

475 3809 660 3895 indipnatas
676 3812 821 3875 continno
838 3813 884 3875 ad
902 3812 1073 3875 exercitam
1086 3810 1233 3893 perrexit
1246 3819 1277 3874 et
1296 3832 1366 3874 eam
1380 3811 1456 3874 arbi
1469 3801 1631 3885 admonit',

476 3915 564 3978 Flori
577 3916 712 3998 uerbap
729 3922 787 3992 88,
808 3923 845 3979 12
862 3929 970 4000 aperte
991 3918 1150 3993 reddunt,
1173 3926 1211 3979 ut
1231 3916 1356 3979 minora
1377 3918 1537 3999 quaedam
1558 3928 1632 3980 tace·

476 4042 540 4083 am.
564 4043 624 4083 nec
645 4020 767 4083 minore
789 4022 898 4085 fauore
920 4024 1006 4105 apud
1021 4022 1189 4105 scriptores
1204 4022 1396 4086 christianos
1411 4034 1565 4107 exceptus
1579 4031 1629 4084 cst.

475 4126 515 4191 de
529 4127 686 4202 Iordane,
710 4126 766 4209 qui
784 4149 936 4209 magnam
957 4139 1082 4211 partem
1096 4128 1199 4209 operis
1215 4128 1266 4190 sui
1286 4130 1327 4191 ad
1341 4130 1478 4192 uerbum
1492 4152 1534 4192 ex
1548 4130 1631 4206 Ilcro

475 4231 660 4326 descripsit,
693 4231 759 4294 iam
784 4232 907 4295 dictum
935 4244 1002 4310 est3
1032 4232 1185 4297 Orosium
1210 4233 1396 4316 saepissime
1423 4235 1520 4298 Floro
1547 4252 1630 4297 usum

476 4360 562 4415 esse,
588 4359 783 4421 quamquam
801 4360 868 4401 non
883 4339 929 4402 ita
943 4338 1112 4421 descripsit
1126 4348 1164 4401 ut
1186 4338 1262 4402 inde
1277 4341 1318 4402 ad
1332 4339 1478 4402 criticam
1492 4358 1627 4402 exercen-

476 4444 550 4507 dam
564 4443 689 4507 utilitas
710 4442 782 4525 capi
801 4443 922 4527 possit,
943 4464 1002 4527 per
1023 4444 1154 4526 singula
1177 4444 1423 4527 diligentissime
1443 4447 1626 4508 demonstra·

474 4547 522 4609 uit
555 4550 744 4613 Moemems
779 4548 1010 4612 dissertationis
1037 4551 1076 4612 de
1101 4547 1208 4612 Orosii
1237 4549 1306 4612 uita
1331 4549 1463 4632 eiusque
1492 4546 1624 4613 historia·

430 4643 433 4647 ’
474 4673 545 4714 rum
559 4652 649 4717 libris
663 4664 788 4739 septem
809 4677 831 4739 p
850 4660 908 4717 140
930 4675 998 4738 sqq.
1024 4651 1163 4735 denique
1184 4655 1408 4738 Augustinum
1428 4656 1523 4719 Floro
1543 4668 1621 4716 usum
