3809 5534
368 570 410 629 96
849 593 918 636 ivm
935 593 1033 637 mom

369 738 484 821 peiana
499 738 640 823 dignitas
655 743 775 825 grauis.
800 766 860 807 nec
874 745 929 807 ille
944 745 1068 808 ferebat
1082 767 1212 828 parem,
1232 769 1293 810 nec
1314 747 1369 810 hio
1384 748 1526 831 superio·

368 868 447 910 rem.
480 848 667 931 pronefas!
691 849 737 913 sio
758 852 798 913 de
820 851 1005 935 principatu
1027 851 1233 931 laborabant,
1260 865 1430 937 tamquam
1450 855 1527 918 duos

370 956 454 1019 tanti
464 954 592 1038 imperii
603 954 733 1019 fortuna
744 979 809 1020 non
823 969 962 1041 caperet.
980 978 1056 1042 ergo
1072 960 1213 1023 Lentulo
1220 960 1443 1044 Marcelloque
1454 982 1526 1023 oon-

371 1063 497 1126 sulibus
512 1072 608 1144 rupta
621 1062 725 1145 primo
740 1064 971 1128 coniurationis
992 1066 1085 1128 fides.
1110 1067 1150 1128 de
1165 1065 1367 1129 suecessione
1383 1067 1526 1131 Caesaris

370 1179 513 1243 senatus,
530 1168 564 1230 id
579 1178 627 1231 est
634 1170 809 1253 Pompeius
824 1172 981 1253 agitabat,
997 1193 1057 1235 neo
1071 1172 1128 1235 ille
1142 1173 1317 1247 abnuebat,
1335 1172 1364 1235 si
1378 1172 1463 1236 ratio
1477 1174 1525 1236 sui
1547 1190 1558 1237 ε

369 1273 524 1359 proximis
535 1273 674 1339 comitiis
686 1276 867 1340 haberetur.
886 1287 923 1340 ut
934 1279 1064 1341 daretur
1074 1278 1262 1344 consulatus
1274 1278 1417 1355 absenti,
1433 1301 1526 1362 quem

370 1383 480 1444 decom
496 1380 619 1443 tribuni
633 1380 765 1450 fauente
777 1382 932 1466 Pompeio
942 1405 1048 1466 nuper
1062 1385 1282 1461 decreuerant,
1299 1383 1526 1448 dissimulante

371 1490 483 1551 eodem
497 1489 693 1571 negabatur:
718 1488 845 1551 ueniret
859 1499 892 1551 et
905 1500 1029 1572 peteret
1049 1511 1137 1552 more
1151 1489 1320 1553 maiorum.
1344 1490 1403 1554 ille
1418 1502 1528 1554 oontra

371 1593 514 1677 flagitare
529 1596 674 1669 decreta,
691 1616 740 1670 ae,
757 1593 821 1657 nisi
835 1596 916 1658 fides
929 1607 1150 1678 permaneret,
1166 1618 1233 1660 non
1253 1596 1419 1660 remittere
1440 1620 1525 1660 exer-

371 1699 482 1763 citum.
507 1722 583 1783 ergo
597 1709 634 1762 ut
649 1699 684 1761 in
699 1699 825 1762 hostem
840 1700 1032 1763 decernitur.
1056 1702 1108 1765 his
1123 1703 1240 1766 Caesar
1254 1702 1399 1786 agitatus
1414 1703 1526 1767 statuit
1543 1717 1558 1765 1·

371 1805 512 1887 praemia
526 1826 686 1868 armorum
700 1804 796 1868 armis
811 1807 992 1870 defendere.
1458 1794 1462 1799 ⁴

458 1911 568 1975 Prima
582 1910 690 1973 ciuilis
702 1911 781 1974 belli
803 1912 923 1976 harena
944 1913 1042 1977 Italia
1061 1914 1143 1990 firit,
1175 1913 1268 1977 cuius
1290 1937 1379 1979 arces
1402 1915 1524 1979 lenibus

372 2017 537 2101 praesidiis
563 2015 738 2099 Pompeius
759 2016 937 2094 insederat;
963 2022 1019 2083 sed
1041 2019 1151 2082 omnia
1170 2019 1278 2083 subito
1301 2021 1450 2085 Caesaris
1470 2022 1522 2084 im-

371 2135 449 2206 petu
463 2145 613 2207 oppressa
628 2133 714 2186 sunt.
738 2122 842 2205 prima
856 2125 1005 2188 Arimino
1026 2125 1120 2209 signa
1139 2126 1337 2190 cecinerunt.
1363 2138 1437 2191 tum
1457 2128 1526 2211 pul-¹

371 2253 425 2293 sus
440 2229 570 2293 Etruria
581 2229 675 2305 Libo,
688 2228 823 2293 Vmbria
834 2230 1005 2307 Thermus,
1019 2232 1183 2295 Domitius
1196 2233 1351 2296 Corfinio.
1371 2245 1406 2297 et
1420 2256 1519 2317 perae·
1534 2243 1555 2291 15

371 2348 441 2399 tum
453 2346 521 2398 erat
530 2334 654 2398 bellum
666 2334 734 2397 sine
747 2336 916 2419 sanguine,
930 2337 958 2400 si
971 2338 1163 2421 Pompeium
1169 2338 1337 2402 Brundisii
1348 2339 1520 2423 opprimere

274 2430 280 2439 ’
370 2441 538 2523 potuisset.
573 2451 606 2503 et
626 2454 771 2523 ceperat3
797 2444 852 2505 sed
872 2442 929 2505 ille
950 2464 1007 2525 per
1029 2443 1148 2507 obsessi
1170 2444 1310 2510 claustra
1324 2458 1440 2528 portus
1453 2468 1520 2509 noe·

370 2558 467 2610 tuma
485 2547 564 2631 fuga
584 2547 699 2611 euasit.
731 2558 825 2630 turpe
847 2548 948 2611 dictu.
976 2551 1072 2612 modo
1093 2549 1243 2633 princeps
1263 2561 1417 2632 patrum,
1440 2550 1519 2635 pacis

367 2654 508 2737 bellique
522 2657 702 2718 moderator
716 2675 773 2736 per
788 2654 1056 2738 triumphatuma
1078 2677 1111 2718 se
1134 2676 1222 2717 mare
1241 2655 1348 2718 lacera
1370 2666 1405 2718 et
1426 2678 1519 2740 paene

368 2760 484 2824 inermi
497 2761 576 2824 naui
597 2760 753 2844 fugiebat.
789 2783 849 2823 nec
872 2760 1008 2845 Pompei
1031 2760 1071 2822 ab
1093 2761 1192 2824 Italia
1212 2783 1311 2844 quam
1331 2774 1467 2827 senatus
1486 2764 1519 2826 ab
1532 2770 1553 2820 ²⁰

369 2867 446 2928 urbe
466 2866 544 2948 fuga
563 2867 697 2949 turpior.
723 2889 820 2949 quam
834 2889 936 2951 paene
959 2888 1095 2929 uacuam
1116 2877 1207 2929 metu
1229 2867 1350 2931 Caesar
1364 2867 1520 2953 ingressus

369 2972 534 3035 consulem
548 2993 582 3034 se
597 2972 665 3055 ipse
685 2972 773 3036 fecit.
809 2972 968 3035 aerarium
993 2994 1120 3054 qnoque
1142 2983 1311 3049 sanctum,
1339 2977 1430 3057 qnod
1453 2976 1520 3060 quia

368 3077 489 3140 tardius
505 3076 689 3160 aperiebant
705 3079 826 3142 tribuni
837 3079 932 3142 iussit
943 3078 1089 3161 effringi,
1098 3099 1232 3141 censum
1246 3089 1280 3141 et
1294 3080 1520 3162 patrimonium

366 3184 479 3267 populi
494 3185 635 3247 Romani
650 3196 725 3247 ante
738 3184 847 3268 rapuit
861 3206 958 3267 quam
973 3184 1153 3268 imperium.
1443 3173 1447 3181 ¹

454 3291 554 3353 Pulso
568 3290 742 3373 fugatoque
759 3290 913 3373 Pompeio
935 3290 1052 3352 maluit
1072 3289 1161 3373 prius
1177 3290 1326 3356 ordinare
1340 3294 1518 3376 prouincias
1531 3300 1552 3350 a

367 3419 463 3479 quam
477 3396 585 3479 ipsum
601 3397 702 3478 sequi.
728 3396 873 3459 Siciliam
884 3406 917 3458 et
929 3396 1124 3471 Sardiniam,
1142 3418 1290 3463 annonae
1304 3398 1456 3482 pignera,
1472 3421 1519 3484 per

366 3506 488 3587 legatos
502 3502 610 3565 habet.
635 3502 720 3564 nihil
741 3501 858 3565 hostile
880 3512 947 3563 erat
968 3500 1004 3561 in
1026 3501 1153 3576 Gallia3
1180 3524 1293 3585 paoem
1308 3504 1381 3587 ipse
1396 3506 1516 3569 fecerat.

367 3612 421 3673 sed
437 3610 478 3672 ad
492 3607 727 3692 Hispanienses
743 3606 877 3691 Pompei
892 3607 1052 3670 exercitus
1075 3608 1257 3671 transeunti
1278 3629 1336 3692 per
1358 3634 1433 3675 eam
1452 3609 1518 3675 duci

366 3730 473 3798 portas
488 3714 635 3778 claudere
650 3737 729 3779 ausa
743 3712 890 3778 Massilia
903 3723 964 3776 est.
978 3711 1095 3775 misera
1105 3713 1184 3774 dum
1198 3714 1289 3798 cupit
1302 3738 1433 3799 paoem,
1449 3715 1517 3780 belli

367 3831 456 3883 metu
471 3820 506 3882 in
520 3821 642 3884 bellum
657 3820 788 3896 incidit;
813 3822 868 3884 sed
883 3818 960 3901 quia
973 3830 1046 3882 tuta
1059 3818 1160 3882 muris
1175 3830 1255 3895 erat,
1272 3820 1366 3885 uinci
1381 3846 1454 3887 eam
1464 3821 1516 3888 sibi
1530 3828 1552 3877 ³⁰

369 4170 376 4216 1
394 4182 428 4217 ne
440 4162 484 4217 hie
497 4192 530 4202 -
543 4160 706 4229 necilleNll
720 4164 734 4212 2
748 4180 796 4231 pro
809 4180 851 4215 om
868 4163 913 4232 Nl(
927 4162 1036 4233 tprimo
1049 4161 1332 4235 reripai:prima11N{l
1347 4165 1515 4239 fideNfltut

365 4252 474 4303 daretur
485 4266 527 4300 om
539 4259 564 4300 N
575 4248 583 4316 ll
598 4250 612 4298 7
625 4245 762 4317 tribule
776 4248 872 4300 oumde
884 4247 1079 4317 simulanteNfl
1093 4250 1109 4300 8
1121 4249 1266 4302 uenissetB
1279 4250 1287 4319 ΙΙ
1302 4252 1438 4307 maiorum
1450 4268 1514 4306 more

363 4351 388 4390 N
399 4340 407 4407 ll
420 4341 435 4389 9
449 4336 502 4390 nisi
513 4334 542 4387 in
554 4333 607 4386 fide
619 4341 807 4402 permanerent
818 4351 873 4385 non
886 4351 914 4387 se
926 4333 1063 4386 remittere
1074 4333 1119 4403 Nl
1134 4336 1164 4386 12
1177 4351 1259 4387 arena
1268 4347 1290 4387 B
1302 4336 1311 4405 ΙΙ
1327 4340 1361 4389 15
1374 4338 1470 4391 orfinio
1480 4336 1514 4404 Nl

364 4426 522 4494 perhaotum
532 4431 552 4472 B
564 4418 573 4486 ll
589 4420 619 4469 18
633 4416 736 4469 dietum
747 4429 773 4469 N
783 4418 792 4486 ΙΙ
805 4421 838 4471 20
856 4418 998 4489 pompeius
1007 4430 1034 4471 N
1043 4419 1052 4489 l
1066 4422 1095 4472 21
1110 4418 1178 4489 fuga
1188 4419 1295 4489 turpior
1314 4423 1467 4477 Gruterus:
1478 4422 1513 4475 fn·

365 4517 443 4576 gatur
455 4504 515 4580 pior
525 4519 560 4569 B,
574 4505 686 4574 fugatur
698 4501 771 4572 prior
788 4514 814 4554 N
824 4503 832 4573 ll
853 4506 885 4555 22
903 4503 970 4556 lacit
988 4516 1013 4556 N
1024 4503 1033 4573 ΙΙ
1047 4506 1079 4555 23
1099 4520 1209 4557 censum
1226 4504 1442 4562 Mommseniue:
1460 4518 1512 4562 oen·

364 4611 477 4663 sumque
489 4603 534 4645 BN
543 4591 552 4660 ll
565 4595 596 4643 25
610 4587 760 4661 prouintias
771 4601 797 4640 N
807 4590 816 4658 l!
830 4592 862 4641 26
880 4589 995 4659 pignora
1012 4601 1037 4640 N
1047 4589 1056 4657 {l
1070 4592 1102 4641 28
1120 4590 1168 4643 sed
1179 4608 1222 4641 om
1233 4601 1258 4641 N
1269 4589 1278 4660 ll
1291 4594 1325 4644 29
1339 4592 1462 4646 clausere
1472 4589 1508 4658 Nl

364 4682 396 4731 30
410 4680 476 4731 tutis
488 4689 512 4731 N
523 4677 532 4746 l
