<?xml version="1.0" encoding="UTF-8"?>
<!DOCTYPE html PUBLIC "-//W3C//DTD XHTML 1.0 Transitional//EN"
    "http://www.w3.org/TR/xhtml1/DTD/xhtml1-transitional.dtd">
<html xmlns="http://www.w3.org/1999/xhtml" xml:lang="en" lang="en">
 <head>
  <title>
</title>
<meta http-equiv="Content-Type" content="text/html;charset=utf-8" />
  <meta name='ocr-system' content='tesseract 3.04.00' />
  <meta name='ocr-capabilities' content='ocr_page ocr_carea ocr_par ocr_line ocrx_word'/>
</head>
<body>
  <div class='ocr_page' id='page_1' title='image "./iulifloriepitom00florgoog_0085.png"; bbox 0 0 3809 5534; ppageno 0'>
   <div class='ocr_carea' id='block_1_1' title="bbox 629 586 1458 672">
    <p class='ocr_par' dir='ltr' id='par_1_1' title="bbox 629 586 1458 672">
     <span class='ocr_line' id='line_1_1' title="bbox 629 586 1458 672; baseline 0.002 -23"><span class='ocrx_word' id='word_1_1' title='bbox 629 607 776 651; x_wconf 73' lang='lat' dir='ltr'>serrone</span> <span class='ocrx_word' id='word_1_2' title='bbox 794 608 818 663; x_wconf 90' lang='lat'>1,</span> <span class='ocrx_word' id='word_1_3' title='bbox 838 599 945 649; x_wconf 75' lang='lat' dir='ltr'>lt-lt</span> <span class='ocrx_word' id='word_1_4' title='bbox 964 586 1113 672; x_wconf 65' lang='grc' dir='ltr'>[ΝΟ-26].</span> <span class='ocrx_word' id='word_1_5' title='bbox 1418 591 1458 651; x_wconf 81' lang='lat'>27</span> 
     </span>
    </p>
   </div>
   <div class='ocr_carea' id='block_1_2' title="bbox 248 754 1514 2743">
    <p class='ocr_par' dir='ltr' id='par_1_2' title="bbox 248 754 1514 2743">
     <span class='ocr_line' id='line_1_2' title="bbox 298 754 1458 838; baseline 0.004 -22"><span class='ocrx_word' id='word_1_6' title='bbox 298 756 339 817; x_wconf 87' lang='lat' dir='ltr'>de</span> <span class='ocrx_word' id='word_1_7' title='bbox 367 754 461 817; x_wconf 89' lang='lat' dir='ltr'>hoste</span> <span class='ocrx_word' id='word_1_8' title='bbox 489 754 587 818; x_wconf 88' lang='lat' dir='ltr'>Gallo</span> <span class='ocrx_word' id='word_1_9' title='bbox 613 756 804 819; x_wconf 91' lang='lat' dir='ltr'>uindicauit.</span> <span class='ocrx_word' id='word_1_10' title='bbox 837 777 911 819; x_wconf 87' lang='lat' dir='ltr'>curn</span> <span class='ocrx_word' id='word_1_11' title='bbox 937 767 1053 819; x_wconf 92' lang='lat' dir='ltr'>senatu</span> <span class='ocrx_word' id='word_1_12' title='bbox 1080 777 1207 838; x_wconf 91' lang='lat' dir='ltr'>quoque</span> <span class='ocrx_word' id='word_1_13' title='bbox 1232 757 1458 821; x_wconf 89' lang='lat' dir='ltr'>uehementius</span> 
     </span>
     <span class='ocr_line' id='line_1_3' title="bbox 297 860 1458 942; baseline 0.002 -19"><span class='ocrx_word' id='word_1_14' title='bbox 297 881 401 942; x_wconf 88' lang='lat' dir='ltr'>aequo</span> <span class='ocrx_word' id='word_1_15' title='bbox 416 860 567 942; x_wconf 89' lang='lat' dir='ltr'>bonoque</span> <span class='ocrx_word' id='word_1_16' title='bbox 583 872 741 924; x_wconf 90' lang='lat' dir='ltr'>certaturn</span> <span class='ocrx_word' id='word_1_17' title='bbox 757 872 825 937; x_wconf 89' lang='lat' dir='ltr'>est,</span> <span class='ocrx_word' id='word_1_18' title='bbox 848 863 927 925; x_wconf 89' lang='lat' dir='ltr'>adeo</span> <span class='ocrx_word' id='word_1_19' title='bbox 959 873 997 926; x_wconf 93' lang='lat' dir='ltr'>ut</span> <span class='ocrx_word' id='word_1_20' title='bbox 1018 862 1138 926; x_wconf 91' lang='lat' dir='ltr'>relictis</span> <span class='ocrx_word' id='word_1_21' title='bbox 1161 861 1289 925; x_wconf 91' lang='lat' dir='ltr'>sedibus</span> <span class='ocrx_word' id='word_1_22' title='bbox 1312 862 1458 926; x_wconf 89' lang='lat' dir='ltr'>solitudi-</span> 
     </span>
     <span class='ocr_line' id='line_1_4' title="bbox 294 965 1038 1050; baseline 0.004 -23"><span class='ocrx_word' id='word_1_23' title='bbox 294 989 373 1029; x_wconf 89' lang='lat' dir='ltr'>nem</span> <span class='ocrx_word' id='word_1_24' title='bbox 389 976 421 1028; x_wconf 90' lang='lat' dir='ltr'>et</span> <span class='ocrx_word' id='word_1_25' title='bbox 435 965 607 1030; x_wconf 87' lang='lat' dir='ltr'>interitum</span> <span class='ocrx_word' id='word_1_26' title='bbox 621 968 743 1050; x_wconf 76' lang='lat' dir='ltr'>patriae</span> <span class='ocrx_word' id='word_1_27' title='bbox 758 989 836 1031; x_wconf 88' lang='lat' dir='ltr'>suae</span> <span class='ocrx_word' id='word_1_28' title='bbox 850 968 1038 1032; x_wconf 88' lang='lat' dir='ltr'>minaretur.</span> 
     </span>
     <span class='ocr_line' id='line_1_5' title="bbox 386 1071 1514 1156; baseline 0 -20"><span class='ocrx_word' id='word_1_29' title='bbox 386 1071 497 1136; x_wconf 90' lang='lat' dir='ltr'>Prima</span> <span class='ocrx_word' id='word_1_30' title='bbox 523 1074 682 1138; x_wconf 77' lang='lat' dir='ltr'><strong>discordia</strong></span> <span class='ocrx_word' id='word_1_31' title='bbox 707 1075 747 1137; x_wconf 94' lang='lat' dir='ltr'>ob</span> <span class='ocrx_word' id='word_1_32' title='bbox 773 1073 989 1156; x_wconf 82' lang='lat' dir='ltr'><strong>inpotentiam</strong></span> <span class='ocrx_word' id='word_1_33' title='bbox 1011 1075 1239 1138; x_wconf 79' lang='lat' dir='ltr'><strong>feneratorum.</strong></span> <span class='ocrx_word' id='word_1_34' title='bbox 1280 1074 1396 1156; x_wconf 86' lang='lat' dir='ltr'>quibus</span> <span class='ocrx_word' id='word_1_35' title='bbox 1422 1074 1458 1137; x_wconf 94' lang='lat' dir='ltr'>in</span> <span class='ocrx_word' id='word_1_36' title='bbox 1474 1076 1514 1136; x_wconf 77' lang='lat'>23</span> 
     </span>
     <span class='ocr_line' id='line_1_6' title="bbox 258 1178 1458 1263; baseline 0.003 -23"><span class='ocrx_word' id='word_1_37' title='bbox 258 1192 274 1240; x_wconf 80' lang='lat'>5</span> <span class='ocrx_word' id='word_1_38' title='bbox 296 1189 388 1260; x_wconf 89' lang='lat' dir='ltr'>terga</span> <span class='ocrx_word' id='word_1_39' title='bbox 402 1200 530 1262; x_wconf 88' lang='lat' dir='ltr'>quoque</span> <span class='ocrx_word' id='word_1_40' title='bbox 547 1180 707 1244; x_wconf 81' lang='lat' dir='ltr'>semiliter</span> <span class='ocrx_word' id='word_1_41' title='bbox 729 1178 969 1255; x_wconf 87' lang='lat' dir='ltr'>saeuientibus,</span> <span class='ocrx_word' id='word_1_42' title='bbox 994 1178 1029 1241; x_wconf 92' lang='lat' dir='ltr'>in</span> <span class='ocrx_word' id='word_1_43' title='bbox 1054 1201 1180 1242; x_wconf 90' lang='lat' dir='ltr'>sacrum</span> <span class='ocrx_word' id='word_1_44' title='bbox 1202 1191 1346 1243; x_wconf 90' lang='lat' dir='ltr'>montem</span> <span class='ocrx_word' id='word_1_45' title='bbox 1367 1182 1458 1263; x_wconf 81' lang='lat' dir='ltr'>plebs</span> 
     </span>
     <span class='ocr_line' id='line_1_7' title="bbox 297 1283 1458 1369; baseline 0.001 -23"><span class='ocrx_word' id='word_1_46' title='bbox 297 1295 422 1347; x_wconf 90' lang='lat' dir='ltr'>armata</span> <span class='ocrx_word' id='word_1_47' title='bbox 436 1286 568 1349; x_wconf 90' lang='lat' dir='ltr'>secessit</span> <span class='ocrx_word' id='word_1_48' title='bbox 583 1307 752 1369; x_wconf 82' lang='lat' dir='ltr'>aegreque,</span> <span class='ocrx_word' id='word_1_49' title='bbox 769 1306 829 1347; x_wconf 90' lang='lat' dir='ltr'>nec</span> <span class='ocrx_word' id='word_1_50' title='bbox 850 1283 914 1347; x_wconf 90' lang='lat' dir='ltr'>nisi</span> <span class='ocrx_word' id='word_1_51' title='bbox 932 1284 1078 1348; x_wconf 89' lang='lat' dir='ltr'>tribunos</span> <span class='ocrx_word' id='word_1_52' title='bbox 1094 1285 1307 1368; x_wconf 85' lang='lat' dir='ltr'>impetrasset,</span> <span class='ocrx_word' id='word_1_53' title='bbox 1325 1285 1458 1349; x_wconf 84' lang='lat' dir='ltr'>Meneni</span> 
     </span>
     <span class='ocr_line' id='line_1_8' title="bbox 297 1389 1455 1473; baseline 0.002 -21"><span class='ocrx_word' id='word_1_54' title='bbox 297 1390 480 1473; x_wconf 85' lang='lat' dir='ltr'>Agrippae,</span> <span class='ocrx_word' id='word_1_55' title='bbox 509 1390 640 1454; x_wconf 79' lang='lat' dir='ltr'>facundi</span> <span class='ocrx_word' id='word_1_56' title='bbox 661 1402 694 1454; x_wconf 91' lang='lat' dir='ltr'>et</span> <span class='ocrx_word' id='word_1_57' title='bbox 716 1389 870 1472; x_wconf 90' lang='lat' dir='ltr'>sapientis</span> <span class='ocrx_word' id='word_1_58' title='bbox 896 1389 977 1465; x_wconf 91' lang='lat' dir='ltr'>uiri,</span> <span class='ocrx_word' id='word_1_59' title='bbox 1006 1391 1196 1454; x_wconf 89' lang='lat' dir='ltr'>auctoritate</span> <span class='ocrx_word' id='word_1_60' title='bbox 1223 1402 1374 1454; x_wconf 90' lang='lat' dir='ltr'>reuocata</span> <span class='ocrx_word' id='word_1_61' title='bbox 1396 1402 1455 1454; x_wconf 92' lang='lat' dir='ltr'>est.</span> 
     </span>
     <span class='ocr_line' id='line_1_9' title="bbox 298 1496 1459 1580; baseline 0.001 -21"><span class='ocrx_word' id='word_1_62' title='bbox 298 1507 389 1559; x_wconf 88' lang='lat' dir='ltr'>extat</span> <span class='ocrx_word' id='word_1_63' title='bbox 405 1496 560 1560; x_wconf 90' lang='lat' dir='ltr'>orationis</span> <span class='ocrx_word' id='word_1_64' title='bbox 576 1496 727 1580; x_wconf 87' lang='lat' dir='ltr'>antiquae</span> <span class='ocrx_word' id='word_1_65' title='bbox 743 1496 821 1560; x_wconf 90' lang='lat' dir='ltr'>satis</span> <span class='ocrx_word' id='word_1_66' title='bbox 838 1498 950 1558; x_wconf 83' lang='lat' dir='ltr'>efficax</span> <span class='ocrx_word' id='word_1_67' title='bbox 965 1498 1006 1559; x_wconf 89' lang='lat' dir='ltr'>ad</span> <span class='ocrx_word' id='word_1_68' title='bbox 1026 1496 1228 1560; x_wconf 90' lang='lat' dir='ltr'>concordiam</span> <span class='ocrx_word' id='word_1_69' title='bbox 1243 1496 1370 1572; x_wconf 86' lang='lat' dir='ltr'>fabula,</span> <span class='ocrx_word' id='word_1_70' title='bbox 1395 1518 1459 1579; x_wconf 91' lang='lat' dir='ltr'>qua</span> 
     </span>
     <span class='ocr_line' id='line_1_10' title="bbox 297 1602 1457 1685; baseline -0.001 -19"><span class='ocrx_word' id='word_1_71' title='bbox 297 1602 469 1666; x_wconf 83' lang='lat' dir='ltr'>dissedisse</span> <span class='ocrx_word' id='word_1_72' title='bbox 485 1604 650 1685; x_wconf 92' lang='lat' dir='ltr'>quondam</span> <span class='ocrx_word' id='word_1_73' title='bbox 664 1603 823 1667; x_wconf 89' lang='lat' dir='ltr'>humanos</span> <span class='ocrx_word' id='word_1_74' title='bbox 847 1602 930 1665; x_wconf 86' lang='lat' dir='ltr'>dixit</span> <span class='ocrx_word' id='word_1_75' title='bbox 952 1613 1060 1679; x_wconf 91' lang='lat' dir='ltr'>artus,</span> <span class='ocrx_word' id='word_1_76' title='bbox 1084 1604 1171 1685; x_wconf 94' lang='lat' dir='ltr'>quod</span> <span class='ocrx_word' id='word_1_77' title='bbox 1192 1602 1341 1664; x_wconf 91' lang='lat' dir='ltr'>omnibus</span> <span class='ocrx_word' id='word_1_78' title='bbox 1364 1623 1457 1683; x_wconf 88' lang='lat' dir='ltr'>opere</span> 
     </span>
     <span class='ocr_line' id='line_1_11' title="bbox 248 1706 1458 1792; baseline -0.001 -21"><span class='ocrx_word' id='word_1_79' title='bbox 248 1722 277 1771; x_wconf 79' lang='lat'>¹0</span> <span class='ocrx_word' id='word_1_80' title='bbox 297 1708 511 1792; x_wconf 87' lang='lat' dir='ltr'>fungentibus</span> <span class='ocrx_word' id='word_1_81' title='bbox 527 1709 614 1772; x_wconf 88' lang='lat' dir='ltr'>solus</span> <span class='ocrx_word' id='word_1_82' title='bbox 629 1718 743 1771; x_wconf 89' lang='lat' dir='ltr'>uenter</span> <span class='ocrx_word' id='word_1_83' title='bbox 758 1707 901 1771; x_wconf 90' lang='lat' dir='ltr'>inmunis</span> <span class='ocrx_word' id='word_1_84' title='bbox 917 1718 1042 1790; x_wconf 76' lang='lat' dir='ltr'>ageret,</span> <span class='ocrx_word' id='word_1_85' title='bbox 1067 1707 1183 1771; x_wconf 89' lang='lat' dir='ltr'>deinde</span> <span class='ocrx_word' id='word_1_86' title='bbox 1197 1706 1404 1770; x_wconf 89' lang='lat' dir='ltr'>moribundos</span> <span class='ocrx_word' id='word_1_87' title='bbox 1420 1729 1458 1770; x_wconf 89' lang='lat' dir='ltr'>ea</span> 
     </span>
     <span class='ocr_line' id='line_1_12' title="bbox 298 1812 1456 1897; baseline -0.002 -19"><span class='ocrx_word' id='word_1_88' title='bbox 298 1814 500 1878; x_wconf 90' lang='lat' dir='ltr'>seiunctione</span> <span class='ocrx_word' id='word_1_89' title='bbox 525 1814 645 1878; x_wconf 85' lang='lat' dir='ltr'>redisse</span> <span class='ocrx_word' id='word_1_90' title='bbox 671 1813 706 1875; x_wconf 92' lang='lat' dir='ltr'>in</span> <span class='ocrx_word' id='word_1_91' title='bbox 728 1813 885 1896; x_wconf 81' lang='lat' dir='ltr'>gratiam,</span> <span class='ocrx_word' id='word_1_92' title='bbox 913 1816 1043 1896; x_wconf 92' lang='lat' dir='ltr'>quando</span> <span class='ocrx_word' id='word_1_93' title='bbox 1072 1812 1249 1877; x_wconf 85' lang='lat' dir='ltr'>sensissent</span> <span class='ocrx_word' id='word_1_94' title='bbox 1278 1816 1364 1897; x_wconf 92' lang='lat' dir='ltr'>quod</span> <span class='ocrx_word' id='word_1_95' title='bbox 1387 1814 1456 1877; x_wconf 90' lang='lat' dir='ltr'>eius</span> 
     </span>
     <span class='ocr_line' id='line_1_13' title="bbox 297 1918 1144 2003; baseline -0.002 -20"><span class='ocrx_word' id='word_1_96' title='bbox 297 1942 395 2003; x_wconf 90' lang='lat' dir='ltr'>opera</span> <span class='ocrx_word' id='word_1_97' title='bbox 409 1918 546 1983; x_wconf 88' lang='lat' dir='ltr'>redactis</span> <span class='ocrx_word' id='word_1_98' title='bbox 562 1919 596 1981; x_wconf 94' lang='lat' dir='ltr'>in</span> <span class='ocrx_word' id='word_1_99' title='bbox 613 1918 805 2001; x_wconf 89' lang='lat' dir='ltr'>sanguinem</span> <span class='ocrx_word' id='word_1_100' title='bbox 819 1919 898 1983; x_wconf 85' lang='lat' dir='ltr'>cibis</span> <span class='ocrx_word' id='word_1_101' title='bbox 915 1918 1144 2000; x_wconf 84' lang='lat' dir='ltr'>inrigarentur.</span> 
     </span>
     <span class='ocr_line' id='line_1_14' title="bbox 385 2023 1512 2089; baseline -0.004 0"><span class='ocrx_word' id='word_1_102' title='bbox 385 2026 570 2089; x_wconf 82' lang='lat' dir='ltr'>Secundam</span> <span class='ocrx_word' id='word_1_103' title='bbox 595 2024 631 2087; x_wconf 91' lang='lat' dir='ltr'>in</span> <span class='ocrx_word' id='word_1_104' title='bbox 657 2026 735 2087; x_wconf 92' lang='lat' dir='ltr'>urbe</span> <span class='ocrx_word' id='word_1_105' title='bbox 760 2024 868 2088; x_wconf 89' lang='lat' dir='ltr'>media</span> <span class='ocrx_word' id='word_1_106' title='bbox 892 2023 1129 2087; x_wconf 87' lang='lat' dir='ltr'>decemuiratus</span> <span class='ocrx_word' id='word_1_107' title='bbox 1161 2023 1262 2087; x_wconf 91' lang='lat' dir='ltr'>libido</span> <span class='ocrx_word' id='word_1_108' title='bbox 1288 2024 1452 2088; x_wconf 86' lang='lat' dir='ltr'>conflauit.</span> <span class='ocrx_word' id='word_1_109' title='bbox 1473 2026 1512 2086; x_wconf 77' lang='lat'>24</span> 
     </span>
     <span class='ocr_line' id='line_1_15' title="bbox 299 2129 1457 2213; baseline -0.002 -18"><span class='ocrx_word' id='word_1_110' title='bbox 299 2134 415 2195; x_wconf 87' lang='lat' dir='ltr'>allatas</span> <span class='ocrx_word' id='word_1_111' title='bbox 437 2154 459 2194; x_wconf 92' lang='lat' dir='ltr'>a</span> <span class='ocrx_word' id='word_1_112' title='bbox 478 2129 615 2195; x_wconf 88' lang='lat' dir='ltr'>Graecia</span> <span class='ocrx_word' id='word_1_113' title='bbox 640 2130 726 2213; x_wconf 88' lang='lat' dir='ltr'>leges</span> <span class='ocrx_word' id='word_1_114' title='bbox 754 2131 865 2194; x_wconf 89' lang='lat' dir='ltr'>decem</span> <span class='ocrx_word' id='word_1_115' title='bbox 891 2129 1052 2213; x_wconf 89' lang='lat' dir='ltr'>principes</span> <span class='ocrx_word' id='word_1_116' title='bbox 1078 2129 1155 2192; x_wconf 90' lang='lat' dir='ltr'>lecti</span> <span class='ocrx_word' id='word_1_117' title='bbox 1180 2130 1312 2192; x_wconf 88' lang='lat' dir='ltr'>iubente</span> <span class='ocrx_word' id='word_1_118' title='bbox 1337 2131 1457 2212; x_wconf 89' lang='lat' dir='ltr'>populo</span> 
     </span>
     <span class='ocr_line' id='line_1_16' title="bbox 250 2234 1456 2319; baseline -0.002 -20"><span class='ocrx_word' id='word_1_119' title='bbox 250 2250 279 2300; x_wconf 84' lang='lat'>15</span> <span class='ocrx_word' id='word_1_120' title='bbox 299 2236 569 2319; x_wconf 82' lang='lat' dir='ltr'>conscripserant,</span> <span class='ocrx_word' id='word_1_121' title='bbox 586 2235 797 2318; x_wconf 89' lang='lat' dir='ltr'>ordinataque</span> <span class='ocrx_word' id='word_1_122' title='bbox 814 2245 882 2298; x_wconf 90' lang='lat' dir='ltr'>erat</span> <span class='ocrx_word' id='word_1_123' title='bbox 905 2235 940 2298; x_wconf 90' lang='lat' dir='ltr'>in</span> <span class='ocrx_word' id='word_1_124' title='bbox 962 2235 1131 2300; x_wconf 91' lang='lat' dir='ltr'>duodecim</span> <span class='ocrx_word' id='word_1_125' title='bbox 1148 2234 1266 2297; x_wconf 92' lang='lat' dir='ltr'>tabulis</span> <span class='ocrx_word' id='word_1_126' title='bbox 1281 2245 1350 2297; x_wconf 92' lang='lat' dir='ltr'>tota</span> <span class='ocrx_word' id='word_1_127' title='bbox 1365 2235 1456 2297; x_wconf 91' lang='lat' dir='ltr'>iusti-</span> 
     </span>
     <span class='ocr_line' id='line_1_17' title="bbox 298 2339 1453 2424; baseline -0.004 -17"><span class='ocrx_word' id='word_1_128' title='bbox 298 2345 356 2420; x_wconf 88' lang='lat' dir='ltr'>tia,</span> <span class='ocrx_word' id='word_1_129' title='bbox 374 2365 453 2407; x_wconf 90' lang='lat' dir='ltr'>eum</span> <span class='ocrx_word' id='word_1_130' title='bbox 467 2352 577 2405; x_wconf 90' lang='lat' dir='ltr'>tamen</span> <span class='ocrx_word' id='word_1_131' title='bbox 592 2341 726 2404; x_wconf 88' lang='lat' dir='ltr'>traditos</span> <span class='ocrx_word' id='word_1_132' title='bbox 749 2341 851 2404; x_wconf 85' lang='lat' dir='ltr'>fasces</span> <span class='ocrx_word' id='word_1_133' title='bbox 874 2341 962 2424; x_wconf 90' lang='lat' dir='ltr'>regio</span> <span class='ocrx_word' id='word_1_134' title='bbox 985 2342 1125 2424; x_wconf 89' lang='lat' dir='ltr'>quodam</span> <span class='ocrx_word' id='word_1_135' title='bbox 1139 2339 1245 2403; x_wconf 89' lang='lat' dir='ltr'>furore</span> <span class='ocrx_word' id='word_1_136' title='bbox 1260 2339 1453 2403; x_wconf 89' lang='lat' dir='ltr'>retinebant.</span> 
     </span>
     <span class='ocr_line' id='line_1_18' title="bbox 299 2445 1456 2530; baseline -0.003 -17"><span class='ocrx_word' id='word_1_137' title='bbox 299 2462 372 2513; x_wconf 87' lang='lat' dir='ltr'>aute</span> <span class='ocrx_word' id='word_1_138' title='bbox 388 2459 510 2512; x_wconf 88' lang='lat' dir='ltr'>eeteros</span> <span class='ocrx_word' id='word_1_139' title='bbox 525 2447 651 2530; x_wconf 89' lang='lat' dir='ltr'>Appius</span> <span class='ocrx_word' id='word_1_140' title='bbox 667 2469 705 2509; x_wconf 92' lang='lat' dir='ltr'>eo</span> <span class='ocrx_word' id='word_1_141' title='bbox 726 2445 917 2510; x_wconf 85' lang='lat' dir='ltr'>insolentiae</span> <span class='ocrx_word' id='word_1_142' title='bbox 941 2446 1045 2509; x_wconf 89' lang='lat' dir='ltr'>elatus</span> <span class='ocrx_word' id='word_1_143' title='bbox 1069 2456 1118 2509; x_wconf 90' lang='lat' dir='ltr'>est</span> <span class='ocrx_word' id='word_1_144' title='bbox 1141 2456 1178 2508; x_wconf 93' lang='lat' dir='ltr'>ut</span> <span class='ocrx_word' id='word_1_145' title='bbox 1199 2446 1376 2529; x_wconf 89' lang='lat' dir='ltr'>ingenuam</span> <span class='ocrx_word' id='word_1_146' title='bbox 1391 2446 1456 2509; x_wconf 89' lang='lat' dir='ltr'>uir·</span> 
     </span>
     <span class='ocr_line' id='line_1_19' title="bbox 298 2551 1455 2638; baseline -0.002 -21"><span class='ocrx_word' id='word_1_147' title='bbox 298 2555 407 2638; x_wconf 90' lang='lat' dir='ltr'>ginem</span> <span class='ocrx_word' id='word_1_148' title='bbox 423 2564 535 2635; x_wconf 91' lang='lat' dir='ltr'>stupro</span> <span class='ocrx_word' id='word_1_149' title='bbox 551 2553 743 2629; x_wconf 89' lang='lat' dir='ltr'>destinaret,</span> <span class='ocrx_word' id='word_1_150' title='bbox 767 2552 886 2615; x_wconf 90' lang='lat' dir='ltr'>oblitus</span> <span class='ocrx_word' id='word_1_151' title='bbox 903 2561 935 2612; x_wconf 90' lang='lat' dir='ltr'>et</span> <span class='ocrx_word' id='word_1_152' title='bbox 951 2551 1120 2613; x_wconf 86' lang='lat' dir='ltr'>Lucretiae</span> <span class='ocrx_word' id='word_1_153' title='bbox 1136 2563 1168 2613; x_wconf 91' lang='lat' dir='ltr'>et</span> <span class='ocrx_word' id='word_1_154' title='bbox 1183 2574 1296 2633; x_wconf 83' lang='lat' dir='ltr'>regum</span> <span class='ocrx_word' id='word_1_155' title='bbox 1320 2563 1353 2615; x_wconf 91' lang='lat' dir='ltr'>et</span> <span class='ocrx_word' id='word_1_156' title='bbox 1375 2551 1455 2615; x_wconf 88' lang='lat' dir='ltr'>iuris</span> 
     </span>
     <span class='ocr_line' id='line_1_20' title="bbox 299 2656 1457 2743; baseline -0.002 -21"><span class='ocrx_word' id='word_1_157' title='bbox 299 2662 383 2743; x_wconf 93' lang='lat' dir='ltr'>quod</span> <span class='ocrx_word' id='word_1_158' title='bbox 410 2659 479 2742; x_wconf 87' lang='lat' dir='ltr'>ipse</span> <span class='ocrx_word' id='word_1_159' title='bbox 505 2670 727 2740; x_wconf 87' lang='lat' dir='ltr'>conposuerat.</span> <span class='ocrx_word' id='word_1_160' title='bbox 759 2658 869 2740; x_wconf 90' lang='lat' dir='ltr'>itaque</span> <span class='ocrx_word' id='word_1_161' title='bbox 897 2678 972 2718; x_wconf 91' lang='lat' dir='ltr'>cum</span> <span class='ocrx_word' id='word_1_162' title='bbox 999 2678 1182 2738; x_wconf 89' lang='lat' dir='ltr'>oppressam</span> <span class='ocrx_word' id='word_1_163' title='bbox 1209 2656 1329 2719; x_wconf 90' lang='lat' dir='ltr'>iudicio</span> <span class='ocrx_word' id='word_1_164' title='bbox 1354 2657 1457 2720; x_wconf 89' lang='lat' dir='ltr'>filiam</span> 
     </span>
    </p>
   </div>
   <div class='ocr_carea' id='block_1_3' title="bbox 261 2761 1457 3041">
    <p class='ocr_par' dir='ltr' id='par_1_3' title="bbox 261 2761 1457 3041">
     <span class='ocr_line' id='line_1_21' title="bbox 261 2761 1456 2846; baseline 0.002 -23"><span class='ocrx_word' id='word_1_165' title='bbox 261 2776 284 2824; x_wconf 81' lang='lat' dir='ltr'>te</span> <span class='ocrx_word' id='word_1_166' title='bbox 300 2766 383 2829; x_wconf 90' lang='lat' dir='ltr'>trahi</span> <span class='ocrx_word' id='word_1_167' title='bbox 398 2765 434 2827; x_wconf 91' lang='lat' dir='ltr'>in</span> <span class='ocrx_word' id='word_1_168' title='bbox 450 2763 641 2827; x_wconf 87' lang='lat' dir='ltr'>semitutem</span> <span class='ocrx_word' id='word_1_169' title='bbox 656 2764 781 2826; x_wconf 89' lang='lat' dir='ltr'>uideret</span> <span class='ocrx_word' id='word_1_170' title='bbox 796 2761 964 2845; x_wconf 87' lang='lat' dir='ltr'>Virginius</span> <span class='ocrx_word' id='word_1_171' title='bbox 986 2772 1097 2846; x_wconf 91' lang='lat' dir='ltr'>pater,</span> <span class='ocrx_word' id='word_1_172' title='bbox 1124 2762 1208 2825; x_wconf 93' lang='lat' dir='ltr'>nihil</span> <span class='ocrx_word' id='word_1_173' title='bbox 1230 2774 1400 2825; x_wconf 89' lang='lat' dir='ltr'>cunctatus</span> <span class='ocrx_word' id='word_1_174' title='bbox 1421 2762 1456 2825; x_wconf 91' lang='lat' dir='ltr'>in</span> 
     </span>
     <span class='ocr_line' id='line_1_22' title="bbox 300 2867 1457 2951; baseline -0.004 -15"><span class='ocrx_word' id='word_1_175' title='bbox 300 2872 404 2935; x_wconf 90' lang='lat' dir='ltr'>medio</span> <span class='ocrx_word' id='word_1_176' title='bbox 419 2871 487 2934; x_wconf 85' lang='lat' dir='ltr'>foro</span> <span class='ocrx_word' id='word_1_177' title='bbox 500 2891 599 2932; x_wconf 92' lang='lat' dir='ltr'>manu</span> <span class='ocrx_word' id='word_1_178' title='bbox 611 2891 670 2932; x_wconf 89' lang='lat' dir='ltr'>sua</span> <span class='ocrx_word' id='word_1_179' title='bbox 684 2868 856 2945; x_wconf 80' lang='lat' dir='ltr'>interiecit,</span> <span class='ocrx_word' id='word_1_180' title='bbox 874 2868 1074 2951; x_wconf 89' lang='lat' dir='ltr'>admotisque</span> <span class='ocrx_word' id='word_1_181' title='bbox 1087 2867 1187 2950; x_wconf 88' lang='lat' dir='ltr'>signis</span> <span class='ocrx_word' id='word_1_182' title='bbox 1200 2868 1457 2931; x_wconf 90' lang='lat' dir='ltr'>commilitonum</span> 
     </span>
     <span class='ocr_line' id='line_1_23' title="bbox 301 2973 1456 3041; baseline -0.003 0"><span class='ocrx_word' id='word_1_183' title='bbox 301 2988 400 3041; x_wconf 92' lang='lat' dir='ltr'>totam</span> <span class='ocrx_word' id='word_1_184' title='bbox 416 2999 486 3040; x_wconf 90' lang='lat' dir='ltr'>eam</span> <span class='ocrx_word' id='word_1_185' title='bbox 503 2975 756 3039; x_wconf 91' lang='lat' dir='ltr'>dominationem</span> <span class='ocrx_word' id='word_1_186' title='bbox 770 2976 932 3038; x_wconf 89' lang='lat' dir='ltr'>obsessam</span> <span class='ocrx_word' id='word_1_187' title='bbox 946 2973 1043 3037; x_wconf 91' lang='lat' dir='ltr'>armis</span> <span class='ocrx_word' id='word_1_188' title='bbox 1057 2973 1093 3036; x_wconf 91' lang='lat' dir='ltr'>in</span> <span class='ocrx_word' id='word_1_189' title='bbox 1107 2996 1265 3038; x_wconf 91' lang='lat' dir='ltr'>carcerem</span> <span class='ocrx_word' id='word_1_190' title='bbox 1280 2985 1312 3037; x_wconf 93' lang='lat' dir='ltr'>et</span> <span class='ocrx_word' id='word_1_191' title='bbox 1327 2985 1456 3038; x_wconf 88' lang='lat' dir='ltr'>catenas</span> 
     </span>
    </p>
   </div>
   <div class='ocr_carea' id='block_1_4' title="bbox 248 3080 1516 4009">
    <p class='ocr_par' dir='ltr' id='par_1_4' title="bbox 248 3080 1516 4009">
     <span class='ocr_line' id='line_1_24' title="bbox 301 3080 810 3146; baseline -0.006 0"><span class='ocrx_word' id='word_1_192' title='bbox 301 3083 337 3146; x_wconf 90' lang='lat' dir='ltr'>ab</span> <span class='ocrx_word' id='word_1_193' title='bbox 351 3081 520 3146; x_wconf 87' lang='lat' dir='ltr'>Auentino</span> <span class='ocrx_word' id='word_1_194' title='bbox 535 3092 645 3144; x_wconf 90' lang='lat' dir='ltr'>monte</span> <span class='ocrx_word' id='word_1_195' title='bbox 661 3080 810 3144; x_wconf 86' lang='lat' dir='ltr'>detraxit.</span> 
     </span>
     <span class='ocr_line' id='line_1_25' title="bbox 383 3184 1511 3269; baseline -0.004 -18"><span class='ocrx_word' id='word_1_196' title='bbox 383 3184 387 3190; x_wconf 72' lang='grc'><strong>’</strong></span> <span class='ocrx_word' id='word_1_197' title='bbox 410 3187 553 3251; x_wconf 89' lang='lat' dir='ltr'>Tertiam</span> <span class='ocrx_word' id='word_1_198' title='bbox 581 3185 773 3251; x_wconf 89' lang='lat' dir='ltr'>seditionem</span> <span class='ocrx_word' id='word_1_199' title='bbox 802 3184 957 3248; x_wconf 82' lang='lat' dir='ltr'>excitauit</span> <span class='ocrx_word' id='word_1_200' title='bbox 991 3184 1269 3249; x_wconf 90' lang='lat' dir='ltr'>matrimoniorum</span> <span class='ocrx_word' id='word_1_201' title='bbox 1298 3186 1451 3269; x_wconf 86' lang='lat' dir='ltr'>dignitas,</span> <span class='ocrx_word' id='word_1_202' title='bbox 1470 3185 1511 3247; x_wconf 78' lang='lat'>25</span> 
     </span>
     <span class='ocr_line' id='line_1_26' title="bbox 267 3290 1456 3377; baseline -0.001 -22"><span class='ocrx_word' id='word_1_203' title='bbox 267 3295 288 3348; x_wconf 81' lang='lat'>²5</span> <span class='ocrx_word' id='word_1_204' title='bbox 302 3304 335 3355; x_wconf 94' lang='lat' dir='ltr'>ut</span> <span class='ocrx_word' id='word_1_205' title='bbox 359 3293 467 3376; x_wconf 90' lang='lat' dir='ltr'>plebei</span> <span class='ocrx_word' id='word_1_206' title='bbox 490 3315 565 3357; x_wconf 92' lang='lat' dir='ltr'>cum</span> <span class='ocrx_word' id='word_1_207' title='bbox 591 3290 734 3377; x_wconf 89' lang='lat' dir='ltr'>patriciis</span> <span class='ocrx_word' id='word_1_208' title='bbox 761 3291 973 3374; x_wconf 89' lang='lat' dir='ltr'>iungerentur</span> <span class='ocrx_word' id='word_1_209' title='bbox 980 3314 989 3364; x_wconf 91' lang='lat'>;</span> <span class='ocrx_word' id='word_1_210' title='bbox 1022 3291 1078 3373; x_wconf 92' lang='lat' dir='ltr'>qui</span> <span class='ocrx_word' id='word_1_211' title='bbox 1107 3291 1267 3354; x_wconf 90' lang='lat' dir='ltr'>tumultus</span> <span class='ocrx_word' id='word_1_212' title='bbox 1291 3290 1326 3353; x_wconf 92' lang='lat' dir='ltr'>in</span> <span class='ocrx_word' id='word_1_213' title='bbox 1346 3303 1456 3355; x_wconf 90' lang='lat' dir='ltr'>monte</span> 
     </span>
     <span class='ocr_line' id='line_1_27' title="bbox 303 3395 1516 3480; baseline -0.001 -19"><span class='ocrx_word' id='word_1_214' title='bbox 303 3400 448 3463; x_wconf 88' lang='lat' dir='ltr'>laniculo</span> <span class='ocrx_word' id='word_1_215' title='bbox 471 3401 552 3462; x_wconf 89' lang='lat' dir='ltr'>duce</span> <span class='ocrx_word' id='word_1_216' title='bbox 575 3396 732 3462; x_wconf 86' lang='lat' dir='ltr'>Canuleio</span> <span class='ocrx_word' id='word_1_217' title='bbox 755 3397 885 3460; x_wconf 88' lang='lat' dir='ltr'>tribuno</span> <span class='ocrx_word' id='word_1_218' title='bbox 907 3395 1011 3478; x_wconf 91' lang='lat' dir='ltr'>plebis</span> <span class='ocrx_word' id='word_1_219' title='bbox 1033 3396 1162 3460; x_wconf 86' lang='lat' dir='ltr'>exarsit.</span> <span class='ocrx_word' id='word_1_220' title='bbox 1189 3408 1338 3480; x_wconf 90' lang='lat' dir='ltr'>quartam</span> <span class='ocrx_word' id='word_1_221' title='bbox 1354 3398 1455 3460; x_wconf 91' lang='lat' dir='ltr'>hono·</span> <span class='ocrx_word' id='word_1_222' title='bbox 1475 3400 1516 3461; x_wconf 80' lang='lat'>26</span> 
     </span>
     <span class='ocr_line' id='line_1_28' title="bbox 302 3501 1454 3587; baseline -0.002 -19"><span class='ocrx_word' id='word_1_223' title='bbox 302 3528 370 3568; x_wconf 90' lang='lat' dir='ltr'>rum</span> <span class='ocrx_word' id='word_1_224' title='bbox 393 3504 531 3587; x_wconf 92' lang='lat' dir='ltr'>cupide,</span> <span class='ocrx_word' id='word_1_225' title='bbox 554 3514 591 3566; x_wconf 92' lang='lat' dir='ltr'>ut</span> <span class='ocrx_word' id='word_1_226' title='bbox 605 3502 711 3586; x_wconf 91' lang='lat' dir='ltr'>plebei</span> <span class='ocrx_word' id='word_1_227' title='bbox 733 3524 859 3585; x_wconf 91' lang='lat' dir='ltr'>quoque</span> <span class='ocrx_word' id='word_1_228' title='bbox 881 3501 1089 3584; x_wconf 89' lang='lat' dir='ltr'>magistratus</span> <span class='ocrx_word' id='word_1_229' title='bbox 1106 3514 1300 3566; x_wconf 91' lang='lat' dir='ltr'>crearentur.</span> <span class='ocrx_word' id='word_1_230' title='bbox 1334 3501 1454 3566; x_wconf 89' lang='lat' dir='ltr'>Fabius</span> 
     </span>
     <span class='ocr_line' id='line_1_29' title="bbox 303 3606 1456 3693; baseline -0.002 -20"><span class='ocrx_word' id='word_1_231' title='bbox 303 3610 479 3673; x_wconf 82' lang='lat' dir='ltr'>Ambustus</span> <span class='ocrx_word' id='word_1_232' title='bbox 509 3610 647 3672; x_wconf 90' lang='lat' dir='ltr'>duarum</span> <span class='ocrx_word' id='word_1_233' title='bbox 672 3620 763 3693; x_wconf 89' lang='lat' dir='ltr'>pater</span> <span class='ocrx_word' id='word_1_234' title='bbox 791 3608 924 3671; x_wconf 89' lang='lat' dir='ltr'>alteram</span> <span class='ocrx_word' id='word_1_235' title='bbox 963 3607 1107 3690; x_wconf 87' lang='lat' dir='ltr'>Sulpicio</span> <span class='ocrx_word' id='word_1_236' title='bbox 1137 3607 1265 3690; x_wconf 89' lang='lat' dir='ltr'>patricii</span> <span class='ocrx_word' id='word_1_237' title='bbox 1288 3606 1456 3691; x_wconf 86' lang='lat' dir='ltr'>sanguinis</span> 
     </span>
     <span class='ocr_line' id='line_1_30' title="bbox 302 3712 1453 3797; baseline -0.003 -19"><span class='ocrx_word' id='word_1_238' title='bbox 302 3716 442 3792; x_wconf 89' lang='lat' dir='ltr'>dederat,</span> <span class='ocrx_word' id='word_1_239' title='bbox 459 3714 594 3778; x_wconf 88' lang='lat' dir='ltr'>alteram</span> <span class='ocrx_word' id='word_1_240' title='bbox 616 3714 759 3797; x_wconf 90' lang='lat' dir='ltr'>plebeius</span> <span class='ocrx_word' id='word_1_241' title='bbox 783 3714 873 3777; x_wconf 87' lang='lat' dir='ltr'>Stolo</span> <span class='ocrx_word' id='word_1_242' title='bbox 895 3713 957 3776; x_wconf 88' lang='lat' dir='ltr'>sibi</span> <span class='ocrx_word' id='word_1_243' title='bbox 980 3712 1098 3775; x_wconf 85' lang='lat' dir='ltr'>iunxit.</span> <span class='ocrx_word' id='word_1_244' title='bbox 1126 3735 1190 3795; x_wconf 92' lang='lat' dir='ltr'>qua</span> <span class='ocrx_word' id='word_1_245' title='bbox 1212 3715 1351 3796; x_wconf 92' lang='lat' dir='ltr'>quodam</span> <span class='ocrx_word' id='word_1_246' title='bbox 1372 3724 1453 3776; x_wconf 91' lang='lat' dir='ltr'>tem-</span> 
     </span>
     <span class='ocr_line' id='line_1_31' title="bbox 248 3813 1457 3904; baseline -0.001 -20"><span class='ocrx_word' id='word_1_247' title='bbox 248 3813 276 3869; x_wconf 79' lang='lat'>30</span> <span class='ocrx_word' id='word_1_248' title='bbox 303 3843 394 3903; x_wconf 90' lang='lat' dir='ltr'>pore,</span> <span class='ocrx_word' id='word_1_249' title='bbox 427 3823 514 3904; x_wconf 93' lang='lat' dir='ltr'>quod</span> <span class='ocrx_word' id='word_1_250' title='bbox 543 3820 685 3883; x_wconf 88' lang='lat' dir='ltr'>lictoriae</span> <span class='ocrx_word' id='word_1_251' title='bbox 712 3820 822 3902; x_wconf 89' lang='lat' dir='ltr'>uirgae</span> <span class='ocrx_word' id='word_1_252' title='bbox 853 3841 969 3881; x_wconf 91' lang='lat' dir='ltr'>sonum</span> <span class='ocrx_word' id='word_1_253' title='bbox 1008 3818 1156 3902; x_wconf 91' lang='lat' dir='ltr'>ignotum</span> <span class='ocrx_word' id='word_1_254' title='bbox 1187 3818 1359 3902; x_wconf 89' lang='lat' dir='ltr'>penatibus</span> <span class='ocrx_word' id='word_1_255' title='bbox 1389 3818 1457 3883; x_wconf 89' lang='lat' dir='ltr'>suis</span> 
     </span>
     <span class='ocr_line' id='line_1_32' title="bbox 302 3924 1453 4009; baseline 0.002 -21"><span class='ocrx_word' id='word_1_256' title='bbox 302 3937 492 4009; x_wconf 83' lang='lat' dir='ltr'>expaneret,</span> <span class='ocrx_word' id='word_1_257' title='bbox 517 3947 656 3988; x_wconf 88' lang='lat' dir='ltr'>aserere</span> <span class='ocrx_word' id='word_1_258' title='bbox 672 3925 749 3989; x_wconf 90' lang='lat' dir='ltr'>satis</span> <span class='ocrx_word' id='word_1_259' title='bbox 770 3924 946 3987; x_wconf 87' lang='lat' dir='ltr'>insolenter</span> <span class='ocrx_word' id='word_1_260' title='bbox 967 3924 1085 3999; x_wconf 86' lang='lat' dir='ltr'>inrisa,</span> <span class='ocrx_word' id='word_1_261' title='bbox 1109 3924 1262 3988; x_wconf 92' lang='lat' dir='ltr'>iniuriam</span> <span class='ocrx_word' id='word_1_262' title='bbox 1284 3948 1350 3989; x_wconf 92' lang='lat' dir='ltr'>non</span> <span class='ocrx_word' id='word_1_263' title='bbox 1367 3927 1453 3990; x_wconf 92' lang='lat' dir='ltr'>tulit.</span> 
     </span>
    </p>
   </div>
   <div class='ocr_carea' id='block_1_5' title="bbox 302 4242 1464 4748">
    <p class='ocr_par' dir='ltr' id='par_1_5' title="bbox 302 4242 1464 4748">
     <span class='ocr_line' id='line_1_33' title="bbox 304 4242 1457 4323; baseline 0.001 -23"><span class='ocrx_word' id='word_1_264' title='bbox 304 4251 317 4299; x_wconf 85' lang='lat' dir='ltr'>-l</span> <span class='ocrx_word' id='word_1_265' title='bbox 330 4248 513 4319; x_wconf 82' lang='lat' dir='ltr'>inpotentiaB</span> <span class='ocrx_word' id='word_1_266' title='bbox 526 4249 534 4320; x_wconf 66' lang='lat' dir='ltr'>ll</span> <span class='ocrx_word' id='word_1_267' title='bbox 549 4254 564 4301; x_wconf 86' lang='lat'>5</span> <span class='ocrx_word' id='word_1_268' title='bbox 577 4248 653 4319; x_wconf 86' lang='lat' dir='ltr'>pleps</span> <span class='ocrx_word' id='word_1_269' title='bbox 664 4262 690 4302; x_wconf 98' lang='lat' dir='ltr'><em>N</em></span> <span class='ocrx_word' id='word_1_270' title='bbox 700 4251 708 4321; x_wconf 69' lang='grc' dir='ltr'>Η</span> <span class='ocrx_word' id='word_1_271' title='bbox 722 4254 737 4304; x_wconf 92' lang='grc'><strong>6</strong></span> <span class='ocrx_word' id='word_1_272' title='bbox 750 4242 892 4323; x_wconf 68' lang='lat' dir='ltr'>implesset</span> <span class='ocrx_word' id='word_1_273' title='bbox 903 4263 928 4303; x_wconf 94' lang='lat' dir='ltr'><em>N</em></span> <span class='ocrx_word' id='word_1_274' title='bbox 938 4250 947 4320; x_wconf 65' lang='lat' dir='ltr'>ll</span> <span class='ocrx_word' id='word_1_275' title='bbox 961 4248 1084 4303; x_wconf 89' lang='lat' dir='ltr'>maeneni</span> <span class='ocrx_word' id='word_1_276' title='bbox 1097 4261 1122 4301; x_wconf 92' lang='lat' dir='ltr'><em>N</em></span> <span class='ocrx_word' id='word_1_277' title='bbox 1133 4249 1141 4319; x_wconf 67' lang='lat' dir='ltr'>ll</span> <span class='ocrx_word' id='word_1_278' title='bbox 1156 4253 1169 4301; x_wconf 79' lang='lat'><strong>7</strong></span> <span class='ocrx_word' id='word_1_279' title='bbox 1183 4250 1301 4304; x_wconf 87' lang='lat' dir='ltr'>facunda</span> <span class='ocrx_word' id='word_1_280' title='bbox 1311 4263 1331 4303; x_wconf 85' lang='lat' dir='ltr'><em>B</em></span> <span class='ocrx_word' id='word_1_281' title='bbox 1343 4250 1352 4318; x_wconf 67' lang='grc' dir='ltr'>Η</span> <span class='ocrx_word' id='word_1_282' title='bbox 1366 4251 1380 4301; x_wconf 87' lang='grc'>8</span> <span class='ocrx_word' id='word_1_283' title='bbox 1394 4266 1457 4302; x_wconf 91' lang='lat' dir='ltr'>con·</span> 
     </span>
     <span class='ocr_line' id='line_1_34' title="bbox 304 4333 1459 4407; baseline 0.002 -21"><span class='ocrx_word' id='word_1_284' title='bbox 304 4334 473 4388; x_wconf 87' lang='lat' dir='ltr'>concordiam</span> <span class='ocrx_word' id='word_1_285' title='bbox 485 4345 510 4388; x_wconf 90' lang='grc' dir='ltr'><em>Ν</em></span> <span class='ocrx_word' id='word_1_286' title='bbox 521 4333 530 4404; x_wconf 74' lang='grc' dir='ltr'>ΙΙ</span> <span class='ocrx_word' id='word_1_287' title='bbox 544 4334 712 4389; x_wconf 73' lang='lat' dir='ltr'>ddissedisse</span> <span class='ocrx_word' id='word_1_288' title='bbox 724 4337 795 4391; x_wconf 86' lang='lat' dir='ltr'>inter</span> <span class='ocrx_word' id='word_1_289' title='bbox 808 4355 836 4390; x_wconf 88' lang='lat' dir='ltr'>se</span> <span class='ocrx_word' id='word_1_290' title='bbox 849 4336 1017 4407; x_wconf 81' lang='lat' dir='ltr'>quondamN</span> <span class='ocrx_word' id='word_1_291' title='bbox 1028 4334 1036 4404; x_wconf 71' lang='grc' dir='ltr'>Η</span> <span class='ocrx_word' id='word_1_292' title='bbox 1053 4334 1250 4390; x_wconf 88' lang='lat' dir='ltr'>10immunisN</span> <span class='ocrx_word' id='word_1_293' title='bbox 1260 4337 1268 4406; x_wconf 72' lang='grc' dir='ltr'>Η</span> <span class='ocrx_word' id='word_1_294' title='bbox 1284 4338 1311 4388; x_wconf 86' lang='grc'>11</span> <span class='ocrx_word' id='word_1_295' title='bbox 1328 4334 1459 4388; x_wconf 89' lang='lat' dir='ltr'>aseiunc-</span> 
     </span>
     <span class='ocr_line' id='line_1_35' title="bbox 302 4418 1460 4491; baseline 0.001 -21"><span class='ocrx_word' id='word_1_296' title='bbox 302 4419 405 4473; x_wconf 89' lang='lat' dir='ltr'>tioneN</span> <span class='ocrx_word' id='word_1_297' title='bbox 415 4419 424 4490; x_wconf 68' lang='lat' dir='ltr'>ll</span> <span class='ocrx_word' id='word_1_298' title='bbox 441 4423 470 4472; x_wconf 78' lang='lat'>17</span> <span class='ocrx_word' id='word_1_299' title='bbox 480 4418 597 4489; x_wconf 81' lang='lat' dir='ltr'>appiosb</span> <span class='ocrx_word' id='word_1_300' title='bbox 610 4419 619 4490; x_wconf 65' lang='lat' dir='ltr'>ll</span> <span class='ocrx_word' id='word_1_301' title='bbox 633 4420 754 4474; x_wconf 89' lang='lat' dir='ltr'>elatus-</span> <span class='ocrx_word' id='word_1_302' title='bbox 772 4422 900 4476; x_wconf 88' lang='lat' dir='ltr'>lucretiae</span> <span class='ocrx_word' id='word_1_303' title='bbox 908 4440 949 4473; x_wconf 90' lang='lat' dir='ltr'>om</span> <span class='ocrx_word' id='word_1_304' title='bbox 958 4420 987 4472; x_wconf 79' lang='lat' dir='ltr'>ia</span> <span class='ocrx_word' id='word_1_305' title='bbox 996 4420 1136 4488; x_wconf 71' lang='lat' dir='ltr'>aaarpadd</span> <span class='ocrx_word' id='word_1_306' title='bbox 1140 4433 1159 4473; x_wconf 80' lang='lat' dir='ltr'><em>B</em></span> <span class='ocrx_word' id='word_1_307' title='bbox 1172 4421 1180 4491; x_wconf 69' lang='lat' dir='ltr'>lt</span> <span class='ocrx_word' id='word_1_308' title='bbox 1197 4420 1327 4474; x_wconf 74' lang='lat' dir='ltr'>molitor</span> <span class='ocrx_word' id='word_1_309' title='bbox 1341 4418 1349 4488; x_wconf 66' lang='lat' dir='ltr'>l&gt;</span> <span class='ocrx_word' id='word_1_310' title='bbox 1362 4437 1460 4488; x_wconf 83' lang='lat' dir='ltr'>regum</span> 
     </span>
     <span class='ocr_line' id='line_1_36' title="bbox 305 4504 1460 4575; baseline 0.003 -20"><span class='ocrx_word' id='word_1_311' title='bbox 305 4504 356 4557; x_wconf 83' lang='lat' dir='ltr'>dN:</span> <span class='ocrx_word' id='word_1_312' title='bbox 371 4505 491 4574; x_wconf 82' lang='lat' dir='ltr'>legumB</span> <span class='ocrx_word' id='word_1_313' title='bbox 503 4505 513 4575; x_wconf 71' lang='grc' dir='ltr'>Η</span> <span class='ocrx_word' id='word_1_314' title='bbox 529 4508 559 4557; x_wconf 88' lang='grc'>19</span> <span class='ocrx_word' id='word_1_315' title='bbox 572 4522 743 4575; x_wconf 87' lang='lat' dir='ltr'>oppraessam</span> <span class='ocrx_word' id='word_1_316' title='bbox 756 4507 853 4560; x_wconf 90' lang='lat' dir='ltr'>iuditio</span> <span class='ocrx_word' id='word_1_317' title='bbox 866 4507 1049 4562; x_wconf 87' lang='lat' dir='ltr'>filiamirahiN</span> <span class='ocrx_word' id='word_1_318' title='bbox 1061 4505 1070 4575; x_wconf 80' lang='lat' dir='ltr'>d</span> <span class='ocrx_word' id='word_1_319' title='bbox 1083 4508 1112 4558; x_wconf 87' lang='lat'>21</span> <span class='ocrx_word' id='word_1_320' title='bbox 1128 4504 1255 4558; x_wconf 83' lang='lat' dir='ltr'>interficit</span> <span class='ocrx_word' id='word_1_321' title='bbox 1265 4516 1286 4556; x_wconf 80' lang='lat' dir='ltr'><em>B</em></span> <span class='ocrx_word' id='word_1_322' title='bbox 1298 4504 1307 4573; x_wconf 65' lang='lat' dir='ltr'>ll</span> <span class='ocrx_word' id='word_1_323' title='bbox 1321 4508 1352 4557; x_wconf 84' lang='lat'>25</span> <span class='ocrx_word' id='word_1_324' title='bbox 1366 4504 1460 4573; x_wconf 86' lang='lat' dir='ltr'>plebes</span> 
     </span>
     <span class='ocr_line' id='line_1_37' title="bbox 304 4589 1464 4661; baseline 0.003 -22"><span class='ocrx_word' id='word_1_325' title='bbox 304 4600 326 4639; x_wconf 88' lang='grc' dir='ltr'><em>Ν</em></span> <span class='ocrx_word' id='word_1_326' title='bbox 340 4589 348 4657; x_wconf 67' lang='lat' dir='ltr'>it</span> <span class='ocrx_word' id='word_1_327' title='bbox 362 4594 396 4645; x_wconf 79' lang='lat'>26</span> <span class='ocrx_word' id='word_1_328' title='bbox 409 4590 531 4644; x_wconf 84' lang='lat' dir='ltr'>canoleio</span> <span class='ocrx_word' id='word_1_329' title='bbox 545 4590 559 4642; x_wconf 81' lang='lat' dir='ltr'>d</span> <span class='ocrx_word' id='word_1_330' title='bbox 573 4591 582 4661; x_wconf 67' lang='lat' dir='ltr'>tt</span> <span class='ocrx_word' id='word_1_331' title='bbox 594 4591 687 4661; x_wconf 86' lang='lat' dir='ltr'>plebes</span> <span class='ocrx_word' id='word_1_332' title='bbox 703 4603 728 4644; x_wconf 91' lang='grc' dir='ltr'><em>Ν</em></span> <span class='ocrx_word' id='word_1_333' title='bbox 739 4592 748 4661; x_wconf 77' lang='lat' dir='ltr'>d</span> <span class='ocrx_word' id='word_1_334' title='bbox 761 4596 794 4645; x_wconf 80' lang='lat'>29</span> <span class='ocrx_word' id='word_1_335' title='bbox 807 4592 912 4661; x_wconf 87' lang='lat' dir='ltr'>plebeio</span> <span class='ocrx_word' id='word_1_336' title='bbox 925 4593 996 4645; x_wconf 83' lang='lat' dir='ltr'>stolo</span> <span class='ocrx_word' id='word_1_337' title='bbox 1009 4592 1126 4661; x_wconf 88' lang='lat' dir='ltr'>quodam</span> <span class='ocrx_word' id='word_1_338' title='bbox 1139 4598 1259 4659; x_wconf 90' lang='lat' dir='ltr'>tempore</span> <span class='ocrx_word' id='word_1_339' title='bbox 1271 4602 1295 4641; x_wconf 93' lang='lat' dir='ltr'><em>N</em></span> <span class='ocrx_word' id='word_1_340' title='bbox 1314 4591 1322 4659; x_wconf 68' lang='lat' dir='ltr'>ll</span> <span class='ocrx_word' id='word_1_341' title='bbox 1344 4607 1398 4660; x_wconf 92' lang='lat' dir='ltr'>qua</span> <span class='ocrx_word' id='word_1_342' title='bbox 1409 4591 1464 4643; x_wconf 82' lang='lat' dir='ltr'>add</span> 
     </span>
     <span class='ocr_line' id='line_1_38' title="bbox 306 4674 1289 4748; baseline 0.001 -22"><span class='ocrx_word' id='word_1_343' title='bbox 306 4674 447 4727; x_wconf 67' lang='lat' dir='ltr'>Halmius:</span> <span class='ocrx_word' id='word_1_344' title='bbox 461 4693 503 4729; x_wconf 78' lang='lat' dir='ltr'>ora</span> <span class='ocrx_word' id='word_1_345' title='bbox 515 4687 558 4728; x_wconf 79' lang='lat' dir='ltr'>BN</span> <span class='ocrx_word' id='word_1_346' title='bbox 569 4674 578 4745; x_wconf 75' lang='grc' dir='ltr'>ΙΙ</span> <span class='ocrx_word' id='word_1_347' title='bbox 592 4679 624 4729; x_wconf 85' lang='grc'>30</span> <span class='ocrx_word' id='word_1_348' title='bbox 638 4676 751 4731; x_wconf 88' lang='lat' dir='ltr'>uictorie</span> <span class='ocrx_word' id='word_1_349' title='bbox 763 4690 782 4730; x_wconf 80' lang='grc' dir='ltr'><em>Β</em></span> <span class='ocrx_word' id='word_1_350' title='bbox 795 4678 803 4748; x_wconf 65' lang='lat' dir='ltr'>ll</span> <span class='ocrx_word' id='word_1_351' title='bbox 817 4696 941 4731; x_wconf 83' lang='lat' dir='ltr'>somnum</span> <span class='ocrx_word' id='word_1_352' title='bbox 953 4690 978 4730; x_wconf 94' lang='lat' dir='ltr'><em>N</em></span> <span class='ocrx_word' id='word_1_353' title='bbox 989 4679 998 4746; x_wconf 86' lang='grc' dir='ltr'>ΙΙ</span> <span class='ocrx_word' id='word_1_354' title='bbox 1012 4680 1039 4730; x_wconf 85' lang='grc'>31</span> <span class='ocrx_word' id='word_1_355' title='bbox 1057 4675 1182 4729; x_wconf 88' lang='lat' dir='ltr'>iniuriam</span> <span class='ocrx_word' id='word_1_356' title='bbox 1194 4692 1236 4727; x_wconf 81' lang='lat' dir='ltr'>mn</span> <span class='ocrx_word' id='word_1_357' title='bbox 1248 4687 1267 4728; x_wconf 74' lang='grc' dir='ltr'><em>Β</em></span> <span class='ocrx_word' id='word_1_358' title='bbox 1281 4675 1289 4743; x_wconf 67' lang='lat' dir='ltr'>&#39;i</span> 
     </span>
    </p>
   </div>
   <div class='ocr_carea' id='block_1_6' title="bbox 0 0 1925 5534">
    <p class='ocr_par' dir='ltr' id='par_1_6' title="bbox 0 0 1925 5534">
     <span class='ocr_line' id='line_1_39' title="bbox 0 0 1925 5534; baseline 0 0"><span class='ocrx_word' id='word_1_359' title='bbox 0 0 1925 5534; x_wconf 95' lang='lat' dir='ltr'> </span> 
     </span>
    </p>
   </div>
  </div>
 </body>
</html>
