3809 5534
461 587 501 648 32
954 599 1023 644 ivm
1040 600 1137 644 raom

546 752 680 817 Metello
694 751 794 835 igitur
809 751 939 813 consulo
955 750 1151 833 spirantibus
1173 750 1270 814 altius
1293 750 1412 815 Poenis
1434 762 1468 814 et
1488 772 1611 814 reuerso
1634 754 1662 815 1

462 862 497 923 in
513 859 658 924 Siciliam
678 858 782 933 bello,
810 868 889 939 aput
912 857 1135 921 Panhormum
1155 856 1201 920 sic
1222 857 1330 921 hostes
1350 857 1467 920 cecidit
1493 879 1535 919 ne
1551 880 1613 920 am·

462 967 547 1049 plius
575 987 646 1028 eam
681 964 822 1027 insulam
845 963 976 1046 adgredi
998 962 1186 1046 cogitarent.
1223 974 1450 1046 argumentum
1476 963 1616 1047 ingentis

463 1072 617 1136 uie-toriae
632 1079 764 1133 eentum
786 1068 911 1132 circiter
926 1070 1173 1151 elephantorum
1198 1068 1392 1151 captiuitas,
1420 1069 1466 1132 sic
1494 1092 1617 1153 quoque

464 1199 583 1261 magna
597 1179 715 1259 praeda
729 1175 758 1239 si
770 1196 901 1259 gregem
912 1174 1006 1238 illum
1017 1197 1084 1237 non
1094 1175 1192 1250 bello,
1210 1177 1266 1238 sed
1278 1174 1452 1238 uenatione
1469 1176 1614 1258 cepisset.
1639 1191 1656 1238 5

549 1277 808 1365 Appio'Claudio
823 1281 954 1344 consule
969 1302 1036 1343 non
1050 1281 1090 1343 ab
1105 1280 1273 1357 hostibus,
1294 1283 1350 1344 sed
1365 1303 1385 1344 a
1398 1281 1448 1344 dis
1469 1281 1549 1363 ipsis
1570 1305 1618 1345 su·

464 1401 593 1473 perotus
609 1399 668 1464 est,
686 1408 822 1471 quorum
836 1384 981 1467 auspicia
995 1395 1249 1467 contempserat,
1275 1389 1314 1451 ab
1329 1387 1380 1450 his
1395 1388 1509 1451 statim
1523 1389 1620 1451 classe

466 1497 626 1570 demersa,
650 1495 708 1556 ubi
723 1493 778 1557 ille
792 1489 994 1575 praecipitari
1008 1490 1114 1572 pullos
1129 1491 1283 1569 iusserat,
1308 1495 1393 1576 quod
1413 1515 1561 1576 pugnare
1582 1494 1619 1556 ab

466 1601 517 1664 bis
532 1610 705 1663 uetaretur.

552 1707 662 1768 Marco
685 1702 785 1766 Fabio
807 1706 955 1765 Buteone
983 1704 1115 1766 consule
1136 1705 1269 1768 classem
1290 1703 1434 1768 hostium
1455 1704 1493 1766 in
1515 1704 1619 1767 Africo
1634 1715 1654 1764 N

466 1811 549 1876 mari
573 1820 652 1893 aput
677 1808 890 1891 Aegimurum
917 1807 1059 1871 insulam
1084 1808 1119 1871 in
1142 1810 1273 1873 Italiam
1299 1811 1385 1873 ultro
1410 1809 1618 1893 nauigantem

468 1917 595 1981 cecidit.
631 1926 834 1998 quantusque
850 1924 921 1978 tum
941 1914 1124 1997 triumphus
1147 1926 1336 1998 tempestate
1351 1916 1536 1991 intercidit,
1553 1937 1618 1978 cum

469 2025 622 2107 opulenta
636 2023 753 2104 praeda
768 2020 877 2083 classis
893 2020 1035 2084 aduersis
1058 2031 1130 2083 aeta
1149 2022 1256 2085 uentis
1276 2022 1444 2105 naufragio
1467 2043 1526 2084 suo
1541 2020 1616 2084 Affi-

469 2153 540 2194 cam
556 2140 588 2192 et
610 2128 712 2212 Syrtis
736 2138 768 2190 et
790 2126 936 2190 omnium
965 2126 1226 2190 interiacentium
1246 2127 1427 2192 insularum
1448 2128 1547 2191 litora
1566 2127 1616 2189 im·

468 2236 589 2320 pleuit!
614 2256 732 2317 magna
746 2234 871 2308 cladeS,
888 2234 1025 2305 sednon
1040 2232 1109 2295 sine
1124 2233 1232 2315 aliqua
1252 2233 1406 2317 principis
1427 2234 1542 2316 populi
1558 2233 1616 2315 dig·
1630 2239 1650 2289 11

469 2342 590 2416 nitate,
614 2340 827 2421 interceptam
848 2348 1038 2419 tempestate
1053 2338 1223 2402 uictoriam
1238 2350 1271 2402 et
1286 2340 1492 2422 triumphum
1506 2339 1616 2424 perisse

471 2446 650 2528 naufragio.
666 2455 699 2508 et
714 2454 822 2506 tamen
834 2465 907 2506 cum
921 2443 1064 2507 Punicae
1075 2446 1211 2526 praedae
1227 2445 1378 2508 omnibus
1392 2444 1617 2527 promunturiis

470 2552 650 2633 insulisque
665 2550 841 2626 fluitarent,
858 2550 997 2632 populus
1012 2551 1180 2613 Romanus
1195 2561 1228 2614 et
1243 2550 1288 2613 sic
1304 2551 1533 2634 triumphauit.

556 2656 689 2722 Lutatio
712 2656 829 2719 Catulo
855 2657 987 2718 consule
1010 2657 1142 2718 tandem
1160 2656 1246 2718 bello
1267 2656 1342 2718 finis
1364 2656 1527 2739 inpositus
1550 2666 1616 2740 aput

471 2766 607 2839 insulas,
625 2761 741 2845 quibus
756 2782 876 2822 nomen
889 2763 1053 2843 Aegatae,
1070 2783 1130 2823 nec
1145 2761 1247 2824 maior
1262 2761 1340 2824 alias
1355 2762 1391 2824 in
1406 2763 1491 2825 mari
1504 2784 1615 2847 pugna.
1630 2766 1650 2817 11

473 2872 582 2933 aderat
596 2868 715 2950 quippe
731 2866 961 2929 commeatibus
977 2866 1120 2929 exercitu
1141 2868 1391 2950 propugnaculis
1408 2869 1507 2931 armis
1522 2866 1617 2951 grauis

473 2974 583 3038 classis
605 2983 637 3035 et
660 2972 693 3033 in
717 2994 755 3034 ea
781 2970 873 3053 quasi
892 2980 962 3034 tota
983 2972 1145 3055 Carthago
1152 2997 1162 3048 ;
1192 2975 1277 3055 quod
1297 2972 1405 3056 ipsum
1427 2974 1529 3038 exitio
1553 2973 1616 3036 fuit.

473 3081 622 3141 Romana
636 3077 746 3140 classis
761 3087 909 3159 prompta
930 3077 1014 3140 leuis
1036 3053 1194 3160 expedita·
1208 3090 1241 3142 et
1262 3081 1401 3161 quodam
1424 3101 1542 3163 genero
1563 3101 1618 3143 eas-

473 3184 590 3246 transis
598 3186 639 3247 ad
652 3182 899 3247 similitudinem
913 3205 1042 3266 pugnae
1050 3184 1205 3266 equestris
1220 3184 1266 3247 sic
1279 3185 1375 3247 remis
1390 3185 1486 3267 quasi
1497 3184 1619 3248 habenis

475 3290 647 3372 agebatur,
672 3289 753 3352 etin
769 3289 828 3352 hos
843 3290 897 3352 uel
911 3290 985 3352 illos
996 3289 1080 3352 ictus
1095 3289 1228 3353 mobilia
1241 3301 1344 3354 rostra
1359 3291 1502 3373 speciem
1515 3292 1618 3355 uiuen-
1631 3293 1652 3345 11

475 3395 558 3459 tium
572 3396 803 3478 praeferebant.
827 3395 937 3478 itaque
960 3407 1123 3459 momento
1147 3395 1299 3479 temporis
1314 3397 1474 3460 laceratae
1489 3397 1620 3461 hostium

409 3593 412 3598 '
475 3586 488 3635 1
503 3581 720 3652 conspirantibus
732 3579 816 3633 artius
828 3591 862 3632 Β]
873 3579 882 3649 11
896 3582 911 3632 2
924 3593 1110 3651 panormuml
1126 3581 1135 3651 11
1154 3589 1186 3635 ut
1204 3599 1238 3634 ne
1256 3581 1371 3652 amplius
1383 3582 1504 3637 insulam
1516 3583 1619 3637 concia-

472 3674 534 3721 rent
545 3679 570 3719 N
581 3668 589 3737 11
602 3670 617 3719 3
631 3667 728 3736 ingens
739 3678 756 3717 Ι
766 3665 774 3736 11
789 3669 803 3718 5
817 3682 915 3735 magna
925 3666 1026 3736 praeda
1038 3666 1061 3719 si
1073 3683 1183 3736 gregem
1197 3685 1231 3728 ς.·
1256 3683 1355 3735 magna
1372 3668 1476 3737 praeda
1494 3686 1525 3722 ac
1537 3668 1560 3722 si
1571 3683 1619 3737 gre

474 3768 536 3820 gem
548 3764 584 3816 N,
603 3769 715 3821 magnas
727 3751 839 3821 praedas
853 3750 910 3820 egit
921 3758 953 3803 ut
965 3768 1075 3821 gregem
1087 3763 1121 3803 111
1138 3750 1147 3820 11
1167 3754 1182 3803 6
1195 3751 1290 3821 appius
1302 3750 1425 3805 claudius
1438 3754 1537 3807 consul
1549 3752 1582 3823 11
1594 3750 1619 3805 ab

474 3847 499 3887 N
509 3835 518 3904 11
538 3839 551 3885 1
566 3842 763 3906 contempserat
774 3836 812 3888 ibi
825 3836 916 3888 statim
927 3847 966 3887 IN
977 3836 985 3906 11
999 3838 1014 3887 8
1028 3835 1143 3888 dimersa
1154 3848 1170 3887 Ι
1181 3837 1189 3905 11
1203 3836 1251 3889 ubi
1263 3835 1325 3888 iliae
1336 3847 1362 3887 N
1372 3835 1381 3906 1
1394 3839 1573 3909 praecipitare
1585 3834 1614 3904 11

474 3920 593 3990 pollosB
612 3922 620 3990 11
643 3925 672 3972 111
685 3938 791 3973 marcus
807 3920 895 3974 fabius
914 3920 998 3972 buteo
1015 3934 1031 3973 Ι
1047 3921 1055 3990 11
1076 3919 1187 3973 consule
1204 3939 1246 3972 om
1257 3921 1317 3990 11111
1337 3921 1451 3976 classem
1470 3922 1619 3977 hostiumin

475 4003 558 4057 africo
571 4004 638 4057 mari
650 4011 716 4073 aput
728 4004 895 4073 aegimurum
907 4005 960 4057 iam
973 4005 1002 4057 in
1014 4006 1116 4059 italiam
1128 4006 1200 4058 uitro
1212 3992 1387 4075 nauigantem
1400 4008 1503 4062 cecidit
1513 4021 1550 4074 N,
1564 4008 1619 4061 cns

475 4107 531 4144 sem
549 4089 603 4143 iam
622 4090 651 4141 in
670 4088 753 4141 africo
766 4089 833 4141 mari
844 4098 910 4159 aput
922 4091 1091 4160 aegimurum
1107 4090 1228 4144 hostium
1246 4091 1274 4143 in
1286 4091 1389 4144 italiam
1409 4093 1484 4148 ultro
1501 4094 1619 4162 nauigan-

474 4183 530 4229 tem
549 4174 647 4227 eecidit
664 4187 698 4228 Β]
709 4174 718 4243 11
735 4177 763 4225 11
777 4173 892 4227 insulam
904 4176 1044 4244 Heluetiae
1057 4175 1065 4245 11
1081 4178 1111 4228 12
1125 4183 1242 4246 quantus
1255 4183 1343 4230 otum
1353 4190 1388 4243 N,
1404 4186 1526 4250 quantus
1538 4196 1554 4232 o
1565 4185 1618 4230 turc

473 4274 498 4314 N
508 4261 518 4331 11
533 4263 564 4313 13
577 4259 717 4329 opulentia
728 4270 753 4310 N
771 4257 780 4328 11
801 4261 832 4309 14
844 4259 916 4312 sirtis
927 4273 956 4325 B,
970 4268 1056 4331 syrtes
1073 4273 1105 4341 N·
1116 4263 1124 4331 11
1145 4268 1173 4314 et
1184 4261 1238 4314 add
1246 4262 1384 4314 Bentleius
1402 4266 1478 4332 opud
1487 4262 1618 4317 Norae

475 4348 537 4399 dum
554 4346 590 4398 ad
607 4344 693 4397 salii
708 4343 791 4395 siloas
803 4360 841 4411 pr
854 4362 876 4412 p
888 4357 934 4397 ΧΗ
955 4345 963 4414 11
983 4345 1201 4400 interiacentium
1220 4347 1377 4401 Bentleius:
1396 4347 1619 4420 imperiagentium

474 4445 528 4485 NIN
548 4431 557 4501 11
577 4434 607 4483 lt
620 4430 770 4498 intercepta
780 4439 805 4480 Ν
816 4428 825 4499 11
838 4428 952 4482 uictoria
962 4441 988 4481 Ν
998 4432 1007 4501 11
1019 4431 1157 4501 triumpho
1168 4432 1183 4484 b
1196 4432 1205 4503 11
1218 4432 1319 4501 perisse
1330 4451 1373 4485 om
1384 4446 1405 4487 Β
1418 4435 1427 4504 11
1443 4437 1476 4487 18
1488 4435 1619 4488 frmtarefl·

476 4523 520 4568 tur
533 4522 560 4568 et
576 4515 714 4568 fluitarent
725 4524 751 4566 Ν
762 4513 770 4582 11
784 4516 816 4564 20
829 4521 920 4566 aeetae
931 4526 960 4578 Β,
975 4521 1081 4568 aeoatae
1093 4517 1136 4582 11¹,
1151 4518 1246 4571 hecate
1257 4518 1297 4582 1¹²,
1312 4525 1404 4588 egates
1420 4532 1447 4571 N
1458 4519 1467 4589 11
1487 4522 1519 4572 21
1541 4517 1619 4571 ment

476 4618 518 4651 om
529 4612 554 4651 N
570 4600 578 4669 11
598 4599 783 4653 comeantibus
800 4613 820 4652 B
842 4600 850 4669 11
869 4598 961 4669 grauis
979 4600 1099 4653 hostium
1112 4602 1204 4656 classis
1215 4615 1241 4656 N
1257 4602 1267 4673 1
1285 4607 1317 4654 21
1331 4603 1455 4657 abenisb
1474 4607 1484 4675 11
1504 4610 1536 4659 25
1549 4598 1618 4657 uel'o

476 4684 536 4738 illos
548 4684 658 4737 mobilia
669 4697 694 4736 N
705 4685 713 4753 11
