3809 5534
706 619 855 664 uemosm
872 620 896 672 1,
914 610 1007 660 8-10
1025 598 1173 683 [ιθ-15].
1442 685 1443 690 ¹
1475 605 1512 664 19

248 721 252 744 f

248 783 253 830 ἱ
330 767 463 850 Igulari
479 768 654 831 certamina
670 769 813 832 Manlius
829 789 963 832 aureum
985 779 1131 850 torquem
1151 770 1285 833 barbaro
1307 771 1391 834 inter
1411 772 1513 853 spolia

358 873 507 950 detraxit,
524 875 612 938 unde
628 873 792 956 Torquati.
819 874 936 937 iterum
960 875 1132 957 Pomptino
1153 897 1250 958 agro,
1275 899 1349 939 eum
1364 878 1398 939 in
1414 878 1512 940 simili

358 1001 466 1062 pugna
477 979 640 1055 Valerius,
658 978 817 1042 insidente
828 980 938 1061 galeae
951 1002 1040 1042 sacra
1051 981 1127 1042 alite
1140 980 1280 1056 adiutus,
1299 981 1373 1044 tulit
1390 982 1509 1065 spolia;

358 1095 387 1147 et
402 1086 479 1147 inde
495 1085 641 1148 Coruini.
667 1107 726 1148 nec
741 1106 806 1147 non
823 1095 931 1149 tamen
953 1097 1026 1168 post
1047 1085 1168 1168 aliquot
1191 1109 1291 1150 annos
1314 1088 1417 1149 omnis
1441 1088 1512 1151 reli·

329 1205 341 1251 5
360 1190 448 1273 quias
465 1213 577 1254 eorum
598 1192 634 1253 in
650 1189 779 1254 Etruria
795 1191 834 1252 ad
853 1190 961 1253 lacum
976 1189 1165 1254 Vadimonis
1186 1192 1357 1256 Dolabella
1379 1194 1511 1268 deleuit,

357 1297 483 1380 nequis
500 1307 624 1359 extaret
639 1319 679 1358 ex
695 1318 732 1359 ea
747 1304 861 1375 gente,
887 1298 942 1379 qui
958 1297 1122 1358 incensam
1144 1318 1163 1357 a
1184 1319 1217 1357 se
1240 1298 1378 1360 Romam
1402 1300 1513 1361 urbem

310 1398 576 1487 [llgloriaretur.”

649 1640 767 1704 VIIII.
795 1640 978 1703 BELLVM
996 1642 1216 1705 LATINVM.

358 1837 540 1899 Conuersus
568 1856 586 1896 a
613 1833 717 1897 Gallis
744 1834 779 1895 in
801 1833 934 1896 Latinos
958 1834 1082 1897 Manlio
1106 1835 1267 1918 Torquato
1291 1836 1390 1899 Decio
1417 1838 1511 1901 Mure
1532 1832 1571 1891 14

300 1953 341 2000 10
359 1940 564 2015 consulibua,
593 1961 718 2021 semper
733 1937 862 2020 quidem
878 1939 1092 2011 aemulatione
1114 1939 1240 2022 imperii
1263 1940 1415 2019 infestos,
1443 1956 1512 2006 tum

359 2068 433 2108 uero
449 2056 639 2128 contemptu
654 2044 741 2108 urbis
757 2044 918 2121 incensae,
936 2044 1075 2108 cumina
1091 2046 1232 2108 ciuitatis
1248 2046 1317 2129 puri
1332 2047 1466 2130 imperio
1482 2061 1514 2111 et

358 2151 547 2236 magistratu
563 2161 746 2233 poscerent,
771 2160 849 2232 aput
865 2152 1010 2233 Capuam
1024 2151 1152 2233 proeliis
1176 2152 1325 2233 congredi
1346 2154 1511 2217 audentes.

360 2279 419 2341 quo
435 2270 578 2340 tempore
594 2257 665 2339 quis
681 2255 811 2319 cessisse
827 2256 953 2319 hostem
963 2256 1150 2320 mirabitur?
1167 2279 1240 2319 cum
1252 2253 1331 2319 alter
1346 2260 1514 2322 consulum

360 2364 463 2426 filium
479 2386 593 2439 suum,
611 2362 686 2445 quia
701 2373 812 2426 contra
826 2362 997 2445 imperium
1011 2374 1231 2445 pugnauerat,
1250 2363 1396 2445 quamuis
1413 2364 1513 2427 uicto·
1529 2428 1532 2434 ,

302 2480 346 2526 15
362 2492 425 2533 rem
447 2468 601 2532 occiderit
622 2467 859 2551 ostenderitque
879 2469 952 2552 plus
969 2468 1003 2529 in
1018 2468 1151 2551 imperio
1167 2490 1235 2531 esse
1251 2491 1348 2550 quum
1363 2468 1397 2530 in
1413 2470 1512 2532 uicto·

361 2576 419 2652 ria;
440 2577 522 2639 alter
537 2574 629 2657 quasi
640 2574 766 2637 monitu
781 2577 914 2638 deornm
929 2573 1033 2656 capite
1049 2574 1155 2635 uelato
1170 2572 1307 2655 primam
1322 2585 1396 2636 ante
1412 2575 1513 2639 aciem

362 2680 405 2744 dis
427 2679 580 2744 manibus
596 2701 628 2741 sc
644 2680 830 2757 deuouerit,
853 2691 890 2743 ut
916 2680 950 2741 in
974 2677 1207 2742 confertissima
1227 2700 1260 2740 se
1282 2678 1425 2742 hostium
1448 2681 1512 2743 tela

361 2784 517 2852 iaculatus
533 2807 655 2848 nouum
672 2787 712 2848 ad
727 2786 894 2850 uictoriam
910 2787 971 2849 iter
986 2783 1151 2868 sanguinis
1164 2785 1214 2848 sui
1229 2785 1332 2849 limite
1348 2786 1494 2868 aperiret.

690 3029 735 3090 X.
761 3029 945 3093 BELLVM
963 3029 1180 3091 SABINVM.

296 3207 332 3259 ²⁰
351 3216 383 3278 A
405 3213 535 3278 Latinis
562 3215 730 3297 adgressus
758 3225 806 3277 est
832 3210 963 3297 gentem
990 3213 1205 3291 Sabinorum,
1234 3216 1289 3298 qui
1312 3216 1512 3279 immemores
1534 3217 1573 3275 15

348 3319 459 3386 factae
483 3321 545 3384 sub
560 3318 634 3382 Tito
650 3320 743 3382 Tatio
764 3320 940 3383 adfinitatis
964 3322 1102 3402 quodam
1125 3322 1272 3404 contagio
1294 3322 1387 3385 bellis
1403 3345 1436 3385 se
1454 3325 1512 3385 La·

347 3428 435 3491 tinis
463 3426 707 3489 adiunexerant.
744 3428 800 3489 sed
827 3425 925 3490 Curio
959 3428 1100 3489 Dentato
1126 3428 1258 3489 consule
1285 3412 1413 3490 omnem
1439 3450 1512 3490 eum

347 3542 515 3608 tractum,
544 3554 607 3614 qua
628 3533 696 3595 Nar
716 3531 820 3607 Anio,
848 3532 952 3594 fontes
969 3531 1097 3607 Velini,
1126 3532 1294 3595 Hadriano
1317 3544 1410 3595 tenus
1433 3534 1513 3595 muri

342 3635 424 3725 igni
440 3638 588 3720 ferroque
603 3636 756 3700 uastauit.
782 3658 845 3718 qua
867 3637 1003 3700 uictoria
1026 3647 1152 3699 tantum
1174 3636 1362 3712 hominurn,
1386 3649 1512 3700 tantum

340 3925 448 3981 2inde
458 3936 486 3976 N
503 3923 511 3994 ΗΗ
531 3932 674 3994 torquatus
686 3922 774 3976 dietus
793 3930 861 3977 ests
880 3924 888 3994 ΗΗ
908 3922 1076 3975 3lualerius
1088 3933 1113 3974 N
1129 3922 1138 3991 ΗΗ
1155 3923 1249 3976 retulit
1260 3936 1299 3976 ΙΝ
1315 3925 1323 3994 ΗΗ
1342 3928 1357 3976 4
1372 3924 1514 3997 dictusque

337 4020 393 4066 est
406 4011 469 4080 ipse
480 4009 630 4061 corninus]
641 4010 649 4079 ΗΗ
663 4008 807 4061 coruiniiN
818 4009 826 4079 ΗΗ
839 4008 950 4079 aliquod
957 4008 995 4060 Nb
1009 4007 1017 4077 ΗΗ
1031 4025 1123 4060 omnes
1135 4020 1172 4059 ΙΝ
1183 4007 1191 4077 ΗΗ
1205 4011 1220 4059 5
1233 4009 1397 4063 uadimontis
1409 4025 1425 4063 Ι
1436 4012 1444 4080 ΗΗ
1458 4017 1473 4064 a
1486 4013 1514 4064 in

337 4111 382 4151 ea
395 4107 425 4148 N
435 4095 444 4165 Η
459 4093 508 4164 qui
519 4094 564 4146 11⁹:
583 4112 652 4165 quae
663 4093 734 4146 BIlN
745 4095 753 4165 ΗΗ
766 4095 916 4146 Romanam
927 4106 985 4147 BIN
996 4093 1004 4163 ΗΗ
1020 4097 1050 4145 10
1064 4093 1173 4145 consule
1185 4106 1218 4157 Β,
1235 4111 1289 4147 cos.
1301 4107 1326 4147 N
1337 4095 1345 4164 ΗΗ
1369 4098 1394 4146 11
1410 4105 1514 4164 partem

340 4177 466 4252 imperii
486 4180 531 4249 ΝΗ
548 4183 577 4232 12
590 4179 750 4249 magistratu
763 4180 801 4231 M
799 4179 971 4231 ommseniua:
990 4177 1178 4247 magistratum
1189 4191 1221 4242 B,
1237 4165 1443 4248 magistratuum
1456 4194 1479 4232 Ν
1492 4182 1500 4250 ΗΗ

338 4273 424 4337 aput
436 4265 558 4333 Capuam
570 4264 666 4334 serapti
672 4286 680 4316 :
706 4264 778 4333 apud
791 4282 871 4333 quarn
882 4277 917 4327 Β,
933 4270 1000 4332 aput
1012 4281 1092 4332 quarn
1103 4276 1126 4314 N
1147 4263 1155 4333 ΗΗ
1176 4263 1286 4332 proeliis
1304 4264 1512 4317 Mommsenius:

336 4350 475 4421 amplius
487 4361 521 4413 B,
536 4349 650 4419 amplius
664 4366 743 4420 quam
755 4360 780 4400 N
791 4349 799 4418 ΗΗ
812 4349 942 4401 audentes
955 4348 1164 4400 Mommsenira:
1183 4349 1314 4401 auderent
1324 4361 1367 4400 ΒΝ
1378 4351 1386 4417 ΗΗ
1403 4353 1432 4400 ll
1444 4367 1513 4421 pug-

333 4442 472 4491 nauerat
485 4452 518 4497 3.-
530 4441 729 4504 repugnauerat
738 4447 766 4498 a,
781 4433 945 4503 pugnauerit
956 4446 981 4485 N
998 4433 1006 4503 Η
1027 4437 1057 4485 15
1071 4434 1199 4486 occiderit
1211 4434 1275 4502 quia
1286 4432 1347 4501 plus
1360 4433 1387 4485 in
1400 4434 1513 4503 imperio

336 4527 429 4574 esset
447 4531 474 4571 N
490 4518 499 4589 ΗΗ
512 4518 739 4587 hostenderetque
751 4531 770 4571 a
783 4520 791 4589 ΗΗ
809 4522 837 4569 17
850 4536 878 4571 se
897 4519 1050 4571 deuolucrit
1062 4519 1090 4571 in
1102 4531 1127 4570 N
1138 4518 1146 4588 ΗΗ
1162 4521 1192 4570 18
1205 4518 1290 4570 limita
1302 4531 1337 4570 N:
1350 4520 1446 4572 semita
1456 4532 1482 4574 N
1492 4523 1501 4592 ΗΗ

338 4605 386 4659 21
409 4604 573 4674 contagione
589 4615 615 4657 N
632 4604 641 4674 ΗΗ
662 4607 693 4656 22
706 4604 882 4657 adiuncxerat
898 4615 918 4655 N
931 4604 939 4673 Η
954 4603 1072 4656 demtato
1090 4616 1115 4656 N
1126 4605 1134 4673 ΗΗ
1148 4607 1180 4656 23
1198 4604 1395 4674 1οη1εεῳιοΝΗ
1409 4606 1515 4660 hadria-

342 4692 415 4743 tico
428 4695 521 4742 tentus
533 4700 559 4739 N
568 4688 577 4758 Η
591 4692 623 4741 21
643 4689 706 4758 igne
724 4702 749 4741 N
759 4690 767 4759 ΗΗ
786 4688 904 4742 uastabit
915 4701 934 4740 N
947 4690 956 4759 ΗΗ
969 4696 1076 4742 tantum
1089 4689 1230 4742 hominum
1243 4708 1284 4741 orn
1297 4703 1316 4741 B
1329 4691 1337 4760 ΗΗ

1306 4789 1321 4837 2
1329 4778 1345 4811 ἦ
