3809 5534
608 1540 635 1601 l.
661 1540 723 1602 DE
738 1539 932 1604 LEGIBVS
948 1539 1258 1603 GRACCHANIS.

374 1733 563 1804 Seditionum
578 1740 723 1804 omniurn
745 1763 858 1804 causas
880 1740 1053 1804 tribunicia
1073 1753 1215 1824 potestas
1235 1742 1407 1819 excitauit,
1430 1764 1510 1825 quae
1524 1766 1577 1822 111,
1595 1749 1632 1808 13

372 1847 465 1927 specie
480 1846 611 1929 quidem
625 1846 727 1928 plebis
743 1848 883 1909 tuendae
890 1893 901 1922 ,
924 1846 1016 1909 ouius
1032 1847 1066 1909 in
1082 1847 1240 1911 auxilium
1254 1860 1437 1931 comparata
1454 1858 1514 1923 est,

371 1969 401 2014 re
426 1963 534 2015 autem
564 1950 817 2014 dominationem
846 1950 908 2013 sibi
938 1951 1131 2033 adquirens,
1164 1952 1309 2016 studium
1337 1953 1449 2036 populi
1479 1975 1515 2016 ac

366 2055 501 2120 fauorem
528 2056 660 2139 agrariis
687 2056 906 2120 frumentariis
921 2057 1097 2121 iudiciariis
1123 2057 1249 2139 legibus
1282 2060 1511 2140 aucupabatur.

367 2160 464 2224 iuerat
479 2161 629 2225 omnibus
644 2162 764 2244 species
781 2161 963 2244 aequitatis.
989 2161 1067 2244 quid
1090 2172 1157 2224 tam
1178 2161 1302 2226 iustum
1316 2162 1401 2224 enim
1418 2184 1515 2244 quam

365 2266 498 2349 recipere
513 2268 640 2349 plebem
655 2289 714 2330 sua
729 2289 747 2329 a
762 2266 906 2349 patribus
925 2265 980 2349 [ne
991 2267 1129 2348 populus
1141 2266 1288 2348 gentium
1299 2266 1403 2330 uictor
1415 2266 1513 2350 orbis—

365 2392 421 2453 que
436 2393 599 2455 possessor
615 2371 748 2433 extorris
770 2371 832 2433 aris
853 2393 889 2433 ac
912 2370 990 2433 focis
1015 2370 1157 2455 ageret]l
1180 2371 1257 2453 quid
1283 2381 1350 2434 tam
1376 2393 1513 2453 acquum

363 2498 457 2558 quam
472 2476 603 2559 inopem
618 2476 774 2559 populum
788 2475 899 2538 uiuere
914 2498 955 2537 cx
970 2476 1090 2538 aerario
1106 2474 1184 2538 suoi
1207 2476 1284 2558 quid
1300 2478 1340 2539 ad
1354 2477 1405 2539 ius
1420 2477 1514 2539 liber·

363 2580 435 2643 tatis
460 2582 644 2662 aequandae
666 2579 768 2663 magis
789 2582 902 2643 efficax
925 2602 1022 2663 quarn
1044 2591 1080 2641 ut
1103 2589 1217 2642 senatu
1239 2592 1369 2663 regente
1384 2581 1514 2662 prouin-

360 2685 423 2748 cias
440 2685 562 2747 ordinis
579 2685 733 2767 equestris
749 2685 921 2748 auctoritas
938 2685 1052 2746 saltem
1073 2683 1264 2745 iudiciorum
1284 2707 1383 2768 regno
1398 2680 1514 2747 nitere·

359 2789 431 2853 turl
456 2791 512 2852 sed
527 2789 606 2852 haec
621 2789 691 2872 ipsa
705 2791 740 2852 in
755 2790 930 2873 perniciem
945 2788 1111 2863 redibant,
1136 2800 1169 2851 et
1190 2788 1306 2852 misera
1321 2812 1370 2853 res
1385 2790 1515 2873 publica
1571 2852 1575 2863 ,

360 2895 394 2958 in
409 2894 549 2958 exitium
564 2894 614 2957 sui
629 2917 749 2958 merces
765 2906 842 2958 erat.
861 2916 938 2956 narn
950 2905 982 2956 et
994 2916 1013 2955 a
1025 2903 1138 2956 senatu
1153 2893 1188 2955 in
1203 2894 1344 2977 equitem
1359 2896 1515 2959 translata

360 2999 553 3063 iudiciorum
574 3009 714 3082 potestas
736 3000 909 3083 uectigalia
930 2999 964 3061 id
986 3010 1034 3061 est
1054 2998 1180 3080 imperii
1195 3000 1425 3081 patrimonium
1441 3003 1514 3064 sub-

361 3106 530 3189 primebat,
549 3117 581 3168 et
594 3103 714 3186 emptio
729 3103 881 3167 frumenti
897 3105 983 3186 ipsos
998 3103 1044 3165 rei
1057 3103 1204 3185 publicae
1216 3127 1332 3169 neruos
1348 3106 1514 3169 exhaurio·

359 3211 413 3273 bat
429 3209 605 3285 aerarium,
629 3220 662 3273 et
682 3210 791 3272 reduci
814 3210 905 3293 plebs
927 3208 962 3270 in
984 3231 1075 3291 agros
1090 3210 1177 3271 unde
1192 3220 1315 3291 poterat
1330 3212 1399 3274 sine
1414 3210 1514 3295 possi-

362 3316 507 3378 dentium
523 3314 707 3389 euersione,
731 3314 786 3397 qui
809 3314 871 3397 ipsi
892 3336 965 3397 pars
988 3313 1100 3397 populi
1122 3324 1230 3390 erant,
1256 3325 1288 3378 et
1308 3316 1372 3379 iam
1387 3316 1514 3380 relictas

363 3420 420 3484 ubi
437 3443 456 3482 a
470 3418 645 3483 maioribus
661 3420 750 3482 sedes
767 3429 871 3482 aetate
887 3418 979 3502 quasi
993 3419 1064 3481 iure
1079 3420 1307 3501 possidebant?

607 3619 654 3680 II.
682 3617 865 3681 SEDITIO
881 3618 1037 3681 TIBERI
1054 3616 1271 3679 GRACCHI.

346 3805 348 3837 ¹
366 3787 505 3851 Primam
520 3785 733 3849 certaminum
748 3786 850 3847 facem
862 3784 912 3846 Ti.
928 3785 1094 3850 Gracchus
1107 3784 1264 3861 accendit,
1280 3806 1397 3868 genere
1412 3785 1514 3849 sonna
1525 3804 1580 3861 111,
1598 3788 1634 3846 11

365 3892 547 3975 eloquentia
562 3891 656 3953 facile
671 3890 830 3974 princeps.
856 3902 904 3953 set
918 3890 985 3965 hic,
1003 3890 1071 3951 siue
1087 3888 1314 3953 Mancinianae
1329 3890 1514 3968 deditionis,

365 3998 436 4079 quia
451 4018 586 4080 sponsor
600 3995 735 4059 foederis
747 3996 862 4069 fuerat,
877 3993 1062 4076 contagium
1076 3994 1192 4058 timens
1205 4007 1237 4059 et
1252 3996 1327 4060 inde
1339 3998 1514 4079 popularia

367 4252 375 4302 1
386 4260 587 4306 ῦυοΚΑΝΙΒΝ
598 4249 607 4318 11
619 4250 634 4300 3
644 4247 777 4317 ερθοίθεΒ
788 4246 797 4317 1
810 4245 1028 4299 tadfauoromn
1038 4247 1047 4317 11
1060 4250 1116 4299 5a'c
1125 4245 1299 4300 iudiciariisB
1312 4246 1321 4315 11
1335 4246 1463 4316 lplebcm
1475 4247 1517 4300 ius

365 4350 441 4390 suum
453 4353 472 4389 a
481 4346 508 4388 Β
519 4333 528 4403 11
542 4335 559 4385 8
572 4330 665 4385 afoois
676 4344 696 4385 Β
709 4332 717 4402 11
731 4335 747 4384 9
760 4330 827 4401 quid
839 4330 923 4383 satius
936 4328 1069 4382 libertatis
1080 4341 1100 4381 Β
1112 4330 1121 4400 11
1143 4333 1171 4381 11
1194 4338 1331 4400 equestres
1342 4343 1362 4384 Β
1374 4330 1384 4400 11
1397 4338 1519 4384 uteretur

362 4430 379 4471 Β
391 4420 400 4490 11
414 4424 447 4474 12
467 4417 612 4473 radiebant
628 4428 654 4469 Β
670 4417 680 4488 1
701 4420 731 4469 13
750 4415 862 4469 exilium
879 4428 899 4468 Β
911 4414 920 4483 11
934 4430 1014 4467 suum
1029 4426 1053 4465 Ν
1065 4414 1073 4483 11
1089 4417 1120 4465 15
1139 4415 1295 4468 exauriebat
1310 4427 1355 4468 ΒΝ
1365 4416 1373 4485 11
1389 4419 1420 4468 16
1437 4422 1518 4469 stom

361 4505 402 4576 Β1
417 4509 449 4559 17
464 4512 494 4557 et
507 4502 562 4555 iam
573 4499 683 4569 scripsi:
697 4508 725 4553 et
736 4507 792 4553 tam
804 4512 833 4563 Β,
846 4506 873 4552 et
886 4507 1006 4552 tamenn
1018 4500 1026 4568 11
1043 4501 1073 4551 18
1086 4516 1103 4551 a
1113 4517 1154 4551 om
1166 4511 1185 4551 Β
1198 4499 1207 4568 11
1220 4515 1286 4567 quas
1298 4512 1318 4553 B
1331 4500 1339 4569 11
1355 4503 1385 4552 19
1398 4513 1517 4555 mnan

361 4600 379 4640 Β
390 4590 398 4661 11
412 4599 549 4645 ennecus
560 4596 585 4637 Ν
595 4584 604 4654 11
618 4588 752 4655 rapacem
764 4597 783 4636 Β
796 4583 805 4654 11
818 4584 859 4637 Ti.
874 4584 927 4636 add
932 4583 1059 4636 eddactt:
1072 4601 1114 4635 om
1124 4594 1170 4635 ΒΝ
1179 4583 1188 4653 11
1201 4586 1230 4635 21
1246 4583 1387 4637 seditionis
1401 4602 1455 4655 qua
1466 4598 1485 4638 Β
1498 4586 1507 4657 11
