<?xml version="1.0" encoding="UTF-8"?>
<!DOCTYPE html PUBLIC "-//W3C//DTD XHTML 1.0 Transitional//EN"
    "http://www.w3.org/TR/xhtml1/DTD/xhtml1-transitional.dtd">
<html xmlns="http://www.w3.org/1999/xhtml" xml:lang="en" lang="en">
 <head>
  <title>
</title>
<meta http-equiv="Content-Type" content="text/html;charset=utf-8" />
  <meta name='ocr-system' content='tesseract 3.04.00' />
  <meta name='ocr-capabilities' content='ocr_page ocr_carea ocr_par ocr_line ocrx_word'/>
</head>
<body>
  <div class='ocr_page' id='page_1' title='image "./iulifloriepitom00florgoog_0012.png"; bbox 0 0 3809 5534; ppageno 0'>
   <div class='ocr_carea' id='block_1_1' title="bbox 364 615 1048 671">
    <p class='ocr_par' dir='ltr' id='par_1_1' title="bbox 364 615 1048 671">
     <span class='ocr_line' id='line_1_1' title="bbox 364 615 1048 671; baseline -0.004 0"><span class='ocrx_word' id='word_1_1' title='bbox 364 615 408 671; x_wconf 89' lang='lat' dir='ltr'>VI</span> <span class='ocrx_word' id='word_1_2' title='bbox 851 626 1048 670; x_wconf 74' lang='grc'><strong>1111011110.</strong></span> 
     </span>
    </p>
   </div>
   <div class='ocr_carea' id='block_1_2' title="bbox 364 774 1563 4360">
    <p class='ocr_par' dir='ltr' id='par_1_2' title="bbox 364 774 1563 3701">
     <span class='ocr_line' id='line_1_2' title="bbox 364 774 1542 860; baseline 0 -19"><span class='ocrx_word' id='word_1_3' title='bbox 364 777 481 841; x_wconf 72' lang='lat' dir='ltr'>exitam</span> <span class='ocrx_word' id='word_1_4' title='bbox 502 776 651 840; x_wconf 83' lang='lat' dir='ltr'>exhibere</span> <span class='ocrx_word' id='word_1_5' title='bbox 673 782 753 853; x_wconf 89' lang='lat' dir='ltr'>BN,</span> <span class='ocrx_word' id='word_1_6' title='bbox 784 799 850 839; x_wconf 93' lang='lat' dir='ltr'>non</span> <span class='ocrx_word' id='word_1_7' title='bbox 866 781 937 853; x_wconf 88' lang='lat' dir='ltr'>IN,</span> <span class='ocrx_word' id='word_1_8' title='bbox 969 786 1002 839; x_wconf 89' lang='grc'>01</span> <span class='ocrx_word' id='word_1_9' title='bbox 1023 799 1044 860; x_wconf 90' lang='lat' dir='ltr'>p</span> <span class='ocrx_word' id='word_1_10' title='bbox 1065 781 1118 852; x_wconf 93' lang='grc'>16,</span> <span class='ocrx_word' id='word_1_11' title='bbox 1137 781 1176 837; x_wconf 84' lang='lat'>25</span> <span class='ocrx_word' id='word_1_12' title='bbox 1198 774 1356 839; x_wconf 61' lang='lat' dir='ltr'>calatriam</span> <span class='ocrx_word' id='word_1_13' title='bbox 1371 775 1436 860; x_wconf 90' lang='lat' dir='ltr'>legi</span> <span class='ocrx_word' id='word_1_14' title='bbox 1451 775 1488 839; x_wconf 91' lang='lat' dir='ltr'>iu</span> <span class='ocrx_word' id='word_1_15' title='bbox 1502 784 1542 842; x_wconf 87' lang='lat' dir='ltr'><em>N</em></span> 
     </span>
     <span class='ocr_line' id='line_1_3' title="bbox 364 882 1537 967; baseline -0.002 -19"><span class='ocrx_word' id='word_1_16' title='bbox 364 906 469 967; x_wconf 89' lang='lat' dir='ltr'>neque</span> <span class='ocrx_word' id='word_1_17' title='bbox 485 905 561 947; x_wconf 92' lang='lat' dir='ltr'>uero</span> <span class='ocrx_word' id='word_1_18' title='bbox 582 883 618 945; x_wconf 92' lang='lat' dir='ltr'>in</span> <span class='ocrx_word' id='word_1_19' title='bbox 633 891 672 945; x_wconf 91' lang='lat' dir='ltr'>B.</span> <span class='ocrx_word' id='word_1_20' title='bbox 698 892 840 946; x_wconf 89' lang='lat' dir='ltr'>ceterum</span> <span class='ocrx_word' id='word_1_21' title='bbox 861 904 935 945; x_wconf 92' lang='lat' dir='ltr'>cum</span> <span class='ocrx_word' id='word_1_22' title='bbox 950 889 980 944; x_wconf 92' lang='lat' dir='ltr'><em>B</em></span> <span class='ocrx_word' id='word_1_23' title='bbox 994 882 1029 944; x_wconf 94' lang='lat' dir='ltr'>in</span> <span class='ocrx_word' id='word_1_24' title='bbox 1051 882 1242 944; x_wconf 87' lang='lat' dir='ltr'>uniuersum</span> <span class='ocrx_word' id='word_1_25' title='bbox 1262 882 1339 945; x_wconf 90' lang='lat' dir='ltr'>satis</span> <span class='ocrx_word' id='word_1_26' title='bbox 1362 882 1537 966; x_wconf 85' lang='lat' dir='ltr'>diligenter</span> 
     </span>
     <span class='ocr_line' id='line_1_4' title="bbox 365 988 1537 1074; baseline -0.001 -21"><span class='ocrx_word' id='word_1_27' title='bbox 365 991 502 1074; x_wconf 87' lang='lat' dir='ltr'>scriptus</span> <span class='ocrx_word' id='word_1_28' title='bbox 519 990 578 1067; x_wconf 92' lang='lat' dir='ltr'>sit,</span> <span class='ocrx_word' id='word_1_29' title='bbox 594 999 684 1073; x_wconf 90' lang='lat' dir='ltr'>patet</span> <span class='ocrx_word' id='word_1_30' title='bbox 700 1010 775 1052; x_wconf 90' lang='grc'><strong>011111</strong></span> <span class='ocrx_word' id='word_1_31' title='bbox 789 988 926 1063; x_wconf 89' lang='lat' dir='ltr'>librum,</span> <span class='ocrx_word' id='word_1_32' title='bbox 951 1010 992 1051; x_wconf 88' lang='lat' dir='ltr'>ex</span> <span class='ocrx_word' id='word_1_33' title='bbox 1007 1011 1070 1071; x_wconf 92' lang='lat' dir='ltr'>quo</span> <span class='ocrx_word' id='word_1_34' title='bbox 1086 988 1263 1071; x_wconf 89' lang='lat' dir='ltr'>descriptus</span> <span class='ocrx_word' id='word_1_35' title='bbox 1278 999 1327 1051; x_wconf 90' lang='lat' dir='ltr'>est</span> <span class='ocrx_word' id='word_1_36' title='bbox 1335 1036 1346 1065; x_wconf 89' lang='lat'><em>‚</em></span> <span class='ocrx_word' id='word_1_37' title='bbox 1362 988 1537 1072; x_wconf 83' lang='lat' dir='ltr'>praecipue</span> 
     </span>
     <span class='ocr_line' id='line_1_5' title="bbox 366 1093 1537 1177; baseline 0.001 -19"><span class='ocrx_word' id='word_1_38' title='bbox 366 1119 478 1159; x_wconf 90' lang='lat' dir='ltr'>uersus</span> <span class='ocrx_word' id='word_1_39' title='bbox 500 1098 600 1158; x_wconf 91' lang='lat' dir='ltr'>finem</span> <span class='ocrx_word' id='word_1_40' title='bbox 622 1096 711 1158; x_wconf 91' lang='lat' dir='ltr'>haud</span> <span class='ocrx_word' id='word_1_41' title='bbox 731 1094 807 1159; x_wconf 91' lang='lat' dir='ltr'>satis</span> <span class='ocrx_word' id='word_1_42' title='bbox 828 1096 910 1157; x_wconf 85' lang='lat' dir='ltr'>bene</span> <span class='ocrx_word' id='word_1_43' title='bbox 933 1094 997 1176; x_wconf 89' lang='lat' dir='ltr'>legi</span> <span class='ocrx_word' id='word_1_44' title='bbox 1019 1093 1182 1177; x_wconf 90' lang='lat' dir='ltr'>potuisse,</span> <span class='ocrx_word' id='word_1_45' title='bbox 1214 1093 1270 1156; x_wconf 90' lang='lat' dir='ltr'>ubi</span> <span class='ocrx_word' id='word_1_46' title='bbox 1292 1095 1395 1158; x_wconf 90' lang='lat' dir='ltr'>multa</span> <span class='ocrx_word' id='word_1_47' title='bbox 1416 1094 1537 1159; x_wconf 79' lang='lat' dir='ltr'>uitiosa</span> 
     </span>
     <span class='ocr_line' id='line_1_6' title="bbox 366 1200 1539 1286; baseline 0.001 -21"><span class='ocrx_word' id='word_1_48' title='bbox 366 1202 497 1284; x_wconf 84' lang='lat' dir='ltr'>scripta,</span> <span class='ocrx_word' id='word_1_49' title='bbox 517 1203 623 1265; x_wconf 90' lang='lat' dir='ltr'>multa</span> <span class='ocrx_word' id='word_1_50' title='bbox 645 1224 734 1265; x_wconf 89' lang='lat' dir='ltr'>erasa</span> <span class='ocrx_word' id='word_1_51' title='bbox 753 1210 841 1264; x_wconf 92' lang='lat' dir='ltr'>sunt.</span> <span class='ocrx_word' id='word_1_52' title='bbox 869 1200 1009 1282; x_wconf 90' lang='lat' dir='ltr'>denique</span> <span class='ocrx_word' id='word_1_53' title='bbox 1030 1222 1053 1283; x_wconf 93' lang='lat' dir='ltr'>p</span> <span class='ocrx_word' id='word_1_54' title='bbox 1072 1205 1143 1276; x_wconf 82' lang='lat'>123,</span> <span class='ocrx_word' id='word_1_55' title='bbox 1164 1209 1177 1263; x_wconf 92' lang='lat'>1</span> <span class='ocrx_word' id='word_1_56' title='bbox 1196 1200 1232 1262; x_wconf 93' lang='lat' dir='ltr'>in</span> <span class='ocrx_word' id='word_1_57' title='bbox 1254 1200 1368 1264; x_wconf 90' lang='lat' dir='ltr'>litteris</span> <span class='ocrx_word' id='word_1_58' title='bbox 1384 1202 1539 1286; x_wconf 80' lang='lat' dir='ltr'>profund</span> 
     </span>
     <span class='ocr_line' id='line_1_7' title="bbox 365 1305 1535 1390; baseline 0.001 -20"><span class='ocrx_word' id='word_1_59' title='bbox 365 1310 465 1370; x_wconf 87' lang='lat' dir='ltr'><strong>finem</strong></span> <span class='ocrx_word' id='word_1_60' title='bbox 479 1308 557 1371; x_wconf 86' lang='lat' dir='ltr'>fecit</span> <span class='ocrx_word' id='word_1_61' title='bbox 570 1308 718 1371; x_wconf 90' lang='lat' dir='ltr'>librarius</span> <span class='ocrx_word' id='word_1_62' title='bbox 732 1309 880 1371; x_wconf 91' lang='lat' dir='ltr'>nondum</span> <span class='ocrx_word' id='word_1_63' title='bbox 893 1306 988 1370; x_wconf 90' lang='lat' dir='ltr'>finita</span> <span class='ocrx_word' id='word_1_64' title='bbox 1001 1306 1120 1390; x_wconf 83' lang='lat' dir='ltr'>pagina</span> <span class='ocrx_word' id='word_1_65' title='bbox 1128 1354 1139 1383; x_wconf 95' lang='lat'>,</span> <span class='ocrx_word' id='word_1_66' title='bbox 1163 1305 1210 1369; x_wconf 92' lang='lat' dir='ltr'>ita</span> <span class='ocrx_word' id='word_1_67' title='bbox 1223 1317 1261 1369; x_wconf 91' lang='lat' dir='ltr'>ut</span> <span class='ocrx_word' id='word_1_68' title='bbox 1276 1317 1380 1370; x_wconf 86' lang='lat' dir='ltr'>cetera</span> <span class='ocrx_word' id='word_1_69' title='bbox 1395 1319 1453 1371; x_wconf 90' lang='lat' dir='ltr'>aut</span> <span class='ocrx_word' id='word_1_70' title='bbox 1468 1330 1535 1371; x_wconf 89' lang='lat' dir='ltr'>om·</span> 
     </span>
     <span class='ocr_line' id='line_1_8' title="bbox 365 1412 1536 1496; baseline 0.001 -20"><span class='ocrx_word' id='word_1_71' title='bbox 365 1414 444 1476; x_wconf 93' lang='lat' dir='ltr'>nino</span> <span class='ocrx_word' id='word_1_72' title='bbox 460 1414 597 1478; x_wconf 83' lang='lat' dir='ltr'>defuisse</span> <span class='ocrx_word' id='word_1_73' title='bbox 612 1414 647 1475; x_wconf 95' lang='lat' dir='ltr'>in</span> <span class='ocrx_word' id='word_1_74' title='bbox 662 1413 744 1477; x_wconf 91' lang='lat' dir='ltr'>libro</span> <span class='ocrx_word' id='word_1_75' title='bbox 759 1436 818 1477; x_wconf 93' lang='lat' dir='ltr'>suo</span> <span class='ocrx_word' id='word_1_76' title='bbox 833 1413 1006 1476; x_wconf 90' lang='lat' dir='ltr'>uideantur</span> <span class='ocrx_word' id='word_1_77' title='bbox 1021 1423 1078 1475; x_wconf 89' lang='lat' dir='ltr'>aut</span> <span class='ocrx_word' id='word_1_78' title='bbox 1093 1412 1158 1496; x_wconf 91' lang='lat' dir='ltr'>legi</span> <span class='ocrx_word' id='word_1_79' title='bbox 1172 1435 1238 1475; x_wconf 94' lang='lat' dir='ltr'>non</span> <span class='ocrx_word' id='word_1_80' title='bbox 1253 1413 1407 1496; x_wconf 89' lang='lat' dir='ltr'>potuisse.</span> <span class='ocrx_word' id='word_1_81' title='bbox 1446 1415 1536 1479; x_wconf 94' lang='lat' dir='ltr'>hunc</span> 
     </span>
     <span class='ocr_line' id='line_1_9' title="bbox 365 1519 1535 1603; baseline 0 -20"><span class='ocrx_word' id='word_1_82' title='bbox 365 1521 638 1603; x_wconf 88' lang='lat' dir='ltr'>Bambergensem</span> <span class='ocrx_word' id='word_1_83' title='bbox 653 1521 827 1583; x_wconf 90' lang='lat' dir='ltr'>codiccme</span> <span class='ocrx_word' id='word_1_84' title='bbox 848 1519 937 1582; x_wconf 89' lang='lat' dir='ltr'>fonte</span> <span class='ocrx_word' id='word_1_85' title='bbox 960 1519 1144 1582; x_wconf 86' lang='lat' dir='ltr'>deriuatum</span> <span class='ocrx_word' id='word_1_86' title='bbox 1164 1541 1233 1583; x_wconf 89' lang='grc'><strong>0000</strong></span> <span class='ocrx_word' id='word_1_87' title='bbox 1254 1540 1383 1602; x_wconf 89' lang='lat' dir='ltr'>prorsus</span> <span class='ocrx_word' id='word_1_88' title='bbox 1406 1519 1535 1583; x_wconf 91' lang='lat' dir='ltr'>diuerso</span> 
     </span>
     <span class='ocr_line' id='line_1_10' title="bbox 366 1624 1535 1710; baseline 0 -21"><span class='ocrx_word' id='word_1_89' title='bbox 366 1648 385 1688; x_wconf 91' lang='lat' dir='ltr'>a</span> <span class='ocrx_word' id='word_1_90' title='bbox 399 1626 512 1689; x_wconf 89' lang='lat' dir='ltr'>ceteris</span> <span class='ocrx_word' id='word_1_91' title='bbox 527 1636 685 1710; x_wconf 87' lang='lat' dir='ltr'><strong>quotquot</strong></span> <span class='ocrx_word' id='word_1_92' title='bbox 699 1625 769 1688; x_wconf 90' lang='lat' dir='ltr'>noti</span> <span class='ocrx_word' id='word_1_93' title='bbox 785 1635 862 1687; x_wconf 90' lang='lat' dir='ltr'>sunt</span> <span class='ocrx_word' id='word_1_94' title='bbox 877 1624 964 1687; x_wconf 91' lang='lat' dir='ltr'>Flori</span> <span class='ocrx_word' id='word_1_95' title='bbox 979 1625 1142 1689; x_wconf 85' lang='lat' dir='ltr'>codicibus</span> <span class='ocrx_word' id='word_1_96' title='bbox 1164 1626 1219 1688; x_wconf 87' lang='lat' dir='ltr'>uel</span> <span class='ocrx_word' id='word_1_97' title='bbox 1240 1625 1316 1689; x_wconf 89' lang='lat' dir='ltr'>inde</span> <span class='ocrx_word' id='word_1_98' title='bbox 1337 1626 1416 1689; x_wconf 89' lang='lat' dir='ltr'>satis</span> <span class='ocrx_word' id='word_1_99' title='bbox 1431 1626 1535 1689; x_wconf 86' lang='lat' dir='ltr'>mani·</span> 
     </span>
     <span class='ocr_line' id='line_1_11' title="bbox 365 1714 1534 1817; baseline 0.002 -23"><span class='ocrx_word' id='word_1_100' title='bbox 365 1732 484 1794; x_wconf 85' lang='lat' dir='ltr'>festum</span> <span class='ocrx_word' id='word_1_101' title='bbox 511 1743 559 1795; x_wconf 89' lang='lat' dir='ltr'>est</span> <span class='ocrx_word' id='word_1_102' title='bbox 588 1732 675 1814; x_wconf 93' lang='lat' dir='ltr'>quod</span> <span class='ocrx_word' id='word_1_103' title='bbox 700 1731 786 1793; x_wconf 91' lang='lat' dir='ltr'>solus</span> <span class='ocrx_word' id='word_1_104' title='bbox 820 1730 973 1793; x_wconf 91' lang='lat' dir='ltr'>lacunam</span> <span class='ocrx_word' id='word_1_105' title='bbox 1003 1714 1086 1814; x_wconf 84' lang='lat' dir='ltr'>quae</span> <span class='ocrx_word' id='word_1_106' title='bbox 1120 1743 1241 1795; x_wconf 89' lang='lat' dir='ltr'>eeteros</span> <span class='ocrx_word' id='word_1_107' title='bbox 1268 1732 1392 1796; x_wconf 90' lang='lat' dir='ltr'>codices</span> <span class='ocrx_word' id='word_1_108' title='bbox 1414 1756 1437 1817; x_wconf 94' lang='lat' dir='ltr'>p</span> <span class='ocrx_word' id='word_1_109' title='bbox 1461 1741 1534 1810; x_wconf 88' lang='lat'>110,</span> 
     </span>
     <span class='ocr_line' id='line_1_12' title="bbox 369 1832 1537 1923; baseline 0.001 -22"><span class='ocrx_word' id='word_1_110' title='bbox 369 1840 470 1901; x_wconf 79' lang='lat'>1—24</span> <span class='ocrx_word' id='word_1_111' title='bbox 497 1836 669 1919; x_wconf 88' lang='lat' dir='ltr'>occupauit</span> <span class='ocrx_word' id='word_1_112' title='bbox 684 1837 846 1919; x_wconf 85' lang='lat' dir='ltr'>expletam</span> <span class='ocrx_word' id='word_1_113' title='bbox 860 1837 959 1899; x_wconf 87' lang='lat' dir='ltr'>habet</span> <span class='ocrx_word' id='word_1_114' title='bbox 974 1837 1124 1920; x_wconf 90' lang='lat' dir='ltr'>solusque</span> <span class='ocrx_word' id='word_1_115' title='bbox 1140 1839 1237 1900; x_wconf 89' lang='lat' dir='ltr'>uerba</span> <span class='ocrx_word' id='word_1_116' title='bbox 1248 1832 1399 1902; x_wconf 81' lang='lat' dir='ltr'>‘Siciliae</span> <span class='ocrx_word' id='word_1_117' title='bbox 1414 1861 1537 1923; x_wconf 80' lang='lat' dir='ltr'>qaoque</span> 
     </span>
     <span class='ocr_line' id='line_1_13' title="bbox 367 1937 1536 2030; baseline 0.003 -25"><span class='ocrx_word' id='word_1_118' title='bbox 367 1941 464 2006; x_wconf 78' lang='lat' dir='ltr'>litora</span> <span class='ocrx_word' id='word_1_119' title='bbox 487 1950 518 2006; x_wconf 83' lang='lat' dir='ltr'>et</span> <span class='ocrx_word' id='word_1_120' title='bbox 541 1942 752 2025; x_wconf 76' lang='lat' dir='ltr'>Campaniam</span> <span class='ocrx_word' id='word_1_121' title='bbox 771 1951 912 2006; x_wconf 79' lang='lat' dir='ltr'>nostram</span> <span class='ocrx_word' id='word_1_122' title='bbox 927 1944 1030 2007; x_wconf 76' lang='lat' dir='ltr'>subito</span> <span class='ocrx_word' id='word_1_123' title='bbox 1051 1946 1191 2008; x_wconf 79' lang='lat' dir='ltr'>aduentu</span> <span class='ocrx_word' id='word_1_124' title='bbox 1214 1937 1536 2030; x_wconf 64' lang='grc' dir='ltr'>1011ον110011101001&gt;</span> 
     </span>
     <span class='ocr_line' id='line_1_14' title="bbox 367 2048 1538 2134; baseline 0.003 -23"><span class='ocrx_word' id='word_1_125' title='bbox 367 2070 425 2111; x_wconf 86' lang='lat' dir='ltr'>suo</span> <span class='ocrx_word' id='word_1_126' title='bbox 440 2048 510 2111; x_wconf 89' lang='grc'><strong>1000</strong></span> <span class='ocrx_word' id='word_1_127' title='bbox 524 2071 547 2132; x_wconf 90' lang='grc'>11</span> <span class='ocrx_word' id='word_1_128' title='bbox 564 2054 615 2127; x_wconf 86' lang='lat'>68,</span> <span class='ocrx_word' id='word_1_129' title='bbox 635 2057 652 2110; x_wconf 84' lang='lat'>5</span> <span class='ocrx_word' id='word_1_130' title='bbox 669 2048 773 2132; x_wconf 88' lang='lat' dir='ltr'>posita</span> <span class='ocrx_word' id='word_1_131' title='bbox 787 2048 935 2126; x_wconf 85' lang='lat' dir='ltr'>exhibet,</span> <span class='ocrx_word' id='word_1_132' title='bbox 954 2072 1035 2132; x_wconf 88' lang='lat' dir='ltr'>quae</span> <span class='ocrx_word' id='word_1_133' title='bbox 1050 2050 1085 2112; x_wconf 95' lang='lat' dir='ltr'>in</span> <span class='ocrx_word' id='word_1_134' title='bbox 1099 2050 1230 2134; x_wconf 84' lang='lat' dir='ltr'>reliquis</span> <span class='ocrx_word' id='word_1_135' title='bbox 1245 2071 1266 2133; x_wconf 95' lang='lat' dir='ltr'>p</span> <span class='ocrx_word' id='word_1_136' title='bbox 1284 2056 1336 2125; x_wconf 87' lang='grc'>66,</span> <span class='ocrx_word' id='word_1_137' title='bbox 1353 2058 1390 2112; x_wconf 85' lang='grc'>16</span> <span class='ocrx_word' id='word_1_138' title='bbox 1408 2052 1538 2115; x_wconf 89' lang='lat' dir='ltr'>turbato</span> 
     </span>
     <span class='ocr_line' id='line_1_15' title="bbox 367 2154 1538 2240; baseline 0.001 -22"><span class='ocrx_word' id='word_1_139' title='bbox 367 2156 477 2218; x_wconf 91' lang='lat' dir='ltr'>ordine</span> <span class='ocrx_word' id='word_1_140' title='bbox 499 2155 662 2238; x_wconf 90' lang='lat' dir='ltr'>leguntur.</span> <span class='ocrx_word' id='word_1_141' title='bbox 701 2177 806 2237; x_wconf 90' lang='lat' dir='ltr'>neque</span> <span class='ocrx_word' id='word_1_142' title='bbox 828 2177 904 2219; x_wconf 89' lang='lat' dir='ltr'>uero</span> <span class='ocrx_word' id='word_1_143' title='bbox 926 2154 960 2218; x_wconf 91' lang='lat' dir='ltr'>in</span> <span class='ocrx_word' id='word_1_144' title='bbox 984 2154 1034 2216; x_wconf 89' lang='lat' dir='ltr'>his</span> <span class='ocrx_word' id='word_1_145' title='bbox 1061 2155 1257 2240; x_wconf 67' lang='lat' dir='ltr'>praestantia</span> <span class='ocrx_word' id='word_1_146' title='bbox 1280 2156 1378 2219; x_wconf 91' lang='lat' dir='ltr'>huius</span> <span class='ocrx_word' id='word_1_147' title='bbox 1405 2156 1484 2219; x_wconf 89' lang='lat' dir='ltr'>libri</span> <span class='ocrx_word' id='word_1_148' title='bbox 1504 2179 1538 2220; x_wconf 89' lang='grc'>00</span> 
     </span>
     <span class='ocr_line' id='line_1_16' title="bbox 366 2260 1539 2345; baseline 0.001 -20"><span class='ocrx_word' id='word_1_149' title='bbox 366 2261 520 2338; x_wconf 89' lang='grc'><strong>0011111101,</strong></span> <span class='ocrx_word' id='word_1_150' title='bbox 539 2261 644 2324; x_wconf 89' lang='lat' dir='ltr'>sedin</span> <span class='ocrx_word' id='word_1_151' title='bbox 659 2260 849 2323; x_wconf 89' lang='lat' dir='ltr'>uniuersum</span> <span class='ocrx_word' id='word_1_152' title='bbox 863 2262 962 2323; x_wconf 89' lang='lat' dir='ltr'>uerba</span> <span class='ocrx_word' id='word_1_153' title='bbox 976 2261 1063 2324; x_wconf 90' lang='lat' dir='ltr'>Flori</span> <span class='ocrx_word' id='word_1_154' title='bbox 1082 2262 1178 2345; x_wconf 89' lang='lat' dir='ltr'>longe</span> <span class='ocrx_word' id='word_1_155' title='bbox 1200 2262 1419 2325; x_wconf 85' lang='lat' dir='ltr'>emendatiora</span> <span class='ocrx_word' id='word_1_156' title='bbox 1439 2263 1539 2326; x_wconf 85' lang='lat' dir='ltr'>tradit</span> 
     </span>
     <span class='ocr_line' id='line_1_17' title="bbox 368 2366 1543 2452; baseline 0.001 -22"><span class='ocrx_word' id='word_1_157' title='bbox 368 2389 464 2449; x_wconf 91' lang='lat' dir='ltr'>quam</span> <span class='ocrx_word' id='word_1_158' title='bbox 480 2366 576 2430; x_wconf 86' lang='lat' dir='ltr'>ceteri</span> <span class='ocrx_word' id='word_1_159' title='bbox 596 2376 628 2429; x_wconf 92' lang='lat' dir='ltr'>et</span> <span class='ocrx_word' id='word_1_160' title='bbox 650 2367 839 2449; x_wconf 90' lang='lat' dir='ltr'>plerumque</span> <span class='ocrx_word' id='word_1_161' title='bbox 861 2366 905 2429; x_wconf 89' lang='lat' dir='ltr'>eis</span> <span class='ocrx_word' id='word_1_162' title='bbox 928 2388 1054 2449; x_wconf 87' lang='lat' dir='ltr'>quoque</span> <span class='ocrx_word' id='word_1_163' title='bbox 1075 2366 1153 2431; x_wconf 88' lang='lat' dir='ltr'>locis</span> <span class='ocrx_word' id='word_1_164' title='bbox 1181 2368 1298 2451; x_wconf 92' lang='lat' dir='ltr'>quibus</span> <span class='ocrx_word' id='word_1_165' title='bbox 1323 2370 1543 2452; x_wconf 85' lang='lat' dir='ltr'>corruptelam·</span> 
     </span>
     <span class='ocr_line' id='line_1_18' title="bbox 367 2472 1537 2560; baseline 0.001 -24"><span class='ocrx_word' id='word_1_166' title='bbox 367 2494 481 2560; x_wconf 88' lang='lat' dir='ltr'>passus</span> <span class='ocrx_word' id='word_1_167' title='bbox 502 2483 551 2535; x_wconf 91' lang='lat' dir='ltr'>est</span> <span class='ocrx_word' id='word_1_168' title='bbox 578 2472 770 2535; x_wconf 87' lang='lat' dir='ltr'>emendandi</span> <span class='ocrx_word' id='word_1_169' title='bbox 796 2472 885 2535; x_wconf 90' lang='lat' dir='ltr'>uiam</span> <span class='ocrx_word' id='word_1_170' title='bbox 905 2472 1037 2555; x_wconf 91' lang='lat' dir='ltr'>reliquis</span> <span class='ocrx_word' id='word_1_171' title='bbox 1059 2474 1175 2537; x_wconf 89' lang='lat' dir='ltr'>clarius</span> <span class='ocrx_word' id='word_1_172' title='bbox 1197 2474 1378 2557; x_wconf 84' lang='lat' dir='ltr'>certiusque</span> <span class='ocrx_word' id='word_1_173' title='bbox 1398 2473 1537 2538; x_wconf 90' lang='lat' dir='ltr'>indicat.</span> 
     </span>
     <span class='ocr_line' id='line_1_19' title="bbox 369 2578 1539 2664; baseline 0.003 -23"><span class='ocrx_word' id='word_1_174' title='bbox 369 2601 449 2663; x_wconf 89' lang='lat' dir='ltr'>quae</span> <span class='ocrx_word' id='word_1_175' title='bbox 464 2601 513 2642; x_wconf 89' lang='lat' dir='ltr'>res</span> <span class='ocrx_word' id='word_1_176' title='bbox 530 2588 596 2641; x_wconf 91' lang='lat' dir='ltr'>tam</span> <span class='ocrx_word' id='word_1_177' title='bbox 611 2589 720 2661; x_wconf 88' lang='lat' dir='ltr'>aperta</span> <span class='ocrx_word' id='word_1_178' title='bbox 735 2588 783 2641; x_wconf 89' lang='lat' dir='ltr'>est</span> <span class='ocrx_word' id='word_1_179' title='bbox 799 2589 836 2641; x_wconf 94' lang='lat' dir='ltr'>ut</span> <span class='ocrx_word' id='word_1_180' title='bbox 848 2578 1004 2663; x_wconf 90' lang='lat' dir='ltr'>exemplis</span> <span class='ocrx_word' id='word_1_181' title='bbox 1019 2601 1091 2641; x_wconf 86' lang='lat' dir='ltr'>eam</span> <span class='ocrx_word' id='word_1_182' title='bbox 1102 2581 1319 2643; x_wconf 89' lang='lat' dir='ltr'>demonstrare</span> <span class='ocrx_word' id='word_1_183' title='bbox 1335 2581 1539 2664; x_wconf 88' lang='lat' dir='ltr'>superfluum</span> 
     </span>
     <span class='ocr_line' id='line_1_20' title="bbox 368 2685 1539 2769; baseline 0.002 -20"><span class='ocrx_word' id='word_1_184' title='bbox 368 2686 421 2763; x_wconf 94' lang='lat' dir='ltr'>sit,</span> <span class='ocrx_word' id='word_1_185' title='bbox 439 2709 514 2749; x_wconf 90' lang='lat' dir='ltr'>cum</span> <span class='ocrx_word' id='word_1_186' title='bbox 529 2685 594 2748; x_wconf 88' lang='lat' dir='ltr'>iam</span> <span class='ocrx_word' id='word_1_187' title='bbox 609 2707 827 2768; x_wconf 88' lang='lat' dir='ltr'>quaecumque</span> <span class='ocrx_word' id='word_1_188' title='bbox 849 2685 885 2747; x_wconf 91' lang='lat' dir='ltr'>in</span> <span class='ocrx_word' id='word_1_189' title='bbox 907 2685 968 2747; x_wconf 89' lang='lat' dir='ltr'>hoc</span> <span class='ocrx_word' id='word_1_190' title='bbox 991 2685 1071 2748; x_wconf 89' lang='lat' dir='ltr'>libro</span> <span class='ocrx_word' id='word_1_191' title='bbox 1094 2685 1248 2769; x_wconf 90' lang='lat' dir='ltr'>leguntur</span> <span class='ocrx_word' id='word_1_192' title='bbox 1270 2699 1418 2749; x_wconf 88' lang='lat' dir='ltr'>accurate</span> <span class='ocrx_word' id='word_1_193' title='bbox 1438 2689 1539 2751; x_wconf 78' lang='grc'><strong>011110</strong></span> 
     </span>
     <span class='ocr_line' id='line_1_21' title="bbox 370 2790 1537 2872; baseline 0.003 -19"><span class='ocrx_word' id='word_1_194' title='bbox 370 2801 437 2854; x_wconf 87' lang='grc'><strong>1010</strong></span> <span class='ocrx_word' id='word_1_195' title='bbox 452 2802 574 2853; x_wconf 87' lang='lat' dir='ltr'>extent.</span> <span class='ocrx_word' id='word_1_196' title='bbox 598 2813 674 2854; x_wconf 89' lang='lat' dir='ltr'>nam</span> <span class='ocrx_word' id='word_1_197' title='bbox 696 2813 738 2853; x_wconf 86' lang='lat' dir='ltr'>ex</span> <span class='ocrx_word' id='word_1_198' title='bbox 758 2790 898 2853; x_wconf 87' lang='lat' dir='ltr'>editione</span> <span class='ocrx_word' id='word_1_199' title='bbox 919 2812 939 2853; x_wconf 90' lang='lat' dir='ltr'>a</span> <span class='ocrx_word' id='word_1_200' title='bbox 954 2791 1110 2854; x_wconf 88' lang='lat' dir='ltr'>Seebodio</span> <span class='ocrx_word' id='word_1_201' title='bbox 1126 2814 1211 2855; x_wconf 89' lang='lat' dir='ltr'>anno</span> <span class='ocrx_word' id='word_1_202' title='bbox 1227 2813 1394 2856; x_wconf 83' lang='lat' dir='ltr'>uncccxxr</span> <span class='ocrx_word' id='word_1_203' title='bbox 1410 2806 1537 2872; x_wconf 88' lang='lat' dir='ltr'>curata,</span> 
     </span>
     <span class='ocr_line' id='line_1_22' title="bbox 369 2895 1540 2980; baseline 0.004 -23"><span class='ocrx_word' id='word_1_204' title='bbox 369 2895 425 2978; x_wconf 94' lang='lat' dir='ltr'>qui</span> <span class='ocrx_word' id='word_1_205' title='bbox 446 2895 569 2978; x_wconf 89' lang='lat' dir='ltr'>primus</span> <span class='ocrx_word' id='word_1_206' title='bbox 590 2895 698 2958; x_wconf 88' lang='lat' dir='ltr'>codice</span> <span class='ocrx_word' id='word_1_207' title='bbox 722 2896 955 2980; x_wconf 88' lang='lat' dir='ltr'>Bambergensi</span> <span class='ocrx_word' id='word_1_208' title='bbox 974 2934 1017 2945; x_wconf 90' lang='lat'><em>-</em></span> <span class='ocrx_word' id='word_1_209' title='bbox 1037 2920 1105 2961; x_wconf 90' lang='lat' dir='ltr'>non</span> <span class='ocrx_word' id='word_1_210' title='bbox 1131 2898 1267 2961; x_wconf 87' lang='lat' dir='ltr'>dixerim</span> <span class='ocrx_word' id='word_1_211' title='bbox 1292 2920 1369 2961; x_wconf 92' lang='lat' dir='ltr'>usus</span> <span class='ocrx_word' id='word_1_212' title='bbox 1396 2910 1464 2975; x_wconf 90' lang='grc'><strong>001,</strong></span> <span class='ocrx_word' id='word_1_213' title='bbox 1498 2902 1540 2963; x_wconf 91' lang='lat' dir='ltr'>de</span> 
     </span>
     <span class='ocr_line' id='line_1_23' title="bbox 369 3000 1541 3087; baseline 0.008 -25"><span class='ocrx_word' id='word_1_214' title='bbox 369 3000 567 3085; x_wconf 89' lang='lat' dir='ltr'>praestantia</span> <span class='ocrx_word' id='word_1_215' title='bbox 581 3001 650 3064; x_wconf 91' lang='lat' dir='ltr'>eius</span> <span class='ocrx_word' id='word_1_216' title='bbox 665 3001 847 3065; x_wconf 88' lang='lat' dir='ltr'>coniectura</span> <span class='ocrx_word' id='word_1_217' title='bbox 862 3003 933 3086; x_wconf 90' lang='lat' dir='ltr'>capi</span> <span class='ocrx_word' id='word_1_218' title='bbox 948 3026 1015 3067; x_wconf 93' lang='lat' dir='ltr'>non</span> <span class='ocrx_word' id='word_1_219' title='bbox 1029 3003 1148 3087; x_wconf 90' lang='lat' dir='ltr'>potuit.</span> <span class='ocrx_word' id='word_1_220' title='bbox 1172 3004 1227 3067; x_wconf 92' lang='lat' dir='ltr'>ille</span> <span class='ocrx_word' id='word_1_221' title='bbox 1242 3004 1331 3067; x_wconf 91' lang='lat' dir='ltr'>enim</span> <span class='ocrx_word' id='word_1_222' title='bbox 1351 3027 1419 3068; x_wconf 93' lang='lat' dir='ltr'>non</span> <span class='ocrx_word' id='word_1_223' title='bbox 1439 3028 1541 3071; x_wconf 86' lang='lat' dir='ltr'>ausus</span> 
     </span>
     <span class='ocr_line' id='line_1_24' title="bbox 369 3108 1539 3193; baseline 0.007 -25"><span class='ocrx_word' id='word_1_224' title='bbox 369 3128 478 3189; x_wconf 85' lang='lat' dir='ltr'>sapere</span> <span class='ocrx_word' id='word_1_225' title='bbox 493 3129 534 3169; x_wconf 90' lang='lat' dir='ltr'>nc</span> <span class='ocrx_word' id='word_1_226' title='bbox 549 3108 700 3172; x_wconf 86' lang='lat' dir='ltr'>lacunam</span> <span class='ocrx_word' id='word_1_227' title='bbox 716 3109 847 3192; x_wconf 89' lang='lat' dir='ltr'>quidem</span> <span class='ocrx_word' id='word_1_228' title='bbox 861 3110 988 3193; x_wconf 87' lang='lat' dir='ltr'>explere</span> <span class='ocrx_word' id='word_1_229' title='bbox 1000 3121 1057 3173; x_wconf 90' lang='lat' dir='ltr'>aut</span> <span class='ocrx_word' id='word_1_230' title='bbox 1072 3112 1169 3173; x_wconf 88' lang='lat' dir='ltr'>uerba</span> <span class='ocrx_word' id='word_1_231' title='bbox 1180 3133 1277 3193; x_wconf 92' lang='lat' dir='ltr'>supra</span> <span class='ocrx_word' id='word_1_232' title='bbox 1288 3121 1466 3173; x_wconf 89' lang='lat' dir='ltr'>memorata</span> <span class='ocrx_word' id='word_1_233' title='bbox 1479 3134 1539 3176; x_wconf 93' lang='lat' dir='ltr'>suo</span> 
     </span>
     <span class='ocr_line' id='line_1_25' title="bbox 368 3212 1538 3300; baseline 0.007 -27"><span class='ocrx_word' id='word_1_234' title='bbox 368 3212 439 3275; x_wconf 90' lang='lat' dir='ltr'>loco</span> <span class='ocrx_word' id='word_1_235' title='bbox 453 3234 604 3296; x_wconf 85' lang='lat' dir='ltr'>reponere</span> <span class='ocrx_word' id='word_1_236' title='bbox 620 3215 774 3278; x_wconf 89' lang='lat' dir='ltr'>sustinuit</span> <span class='ocrx_word' id='word_1_237' title='bbox 795 3226 828 3279; x_wconf 87' lang='lat' dir='ltr'>et</span> <span class='ocrx_word' id='word_1_238' title='bbox 848 3238 889 3279; x_wconf 85' lang='lat' dir='ltr'>ex</span> <span class='ocrx_word' id='word_1_239' title='bbox 909 3216 1035 3299; x_wconf 89' lang='lat' dir='ltr'>ingenti</span> <span class='ocrx_word' id='word_1_240' title='bbox 1057 3216 1256 3300; x_wconf 88' lang='lat' dir='ltr'>egregiarum</span> <span class='ocrx_word' id='word_1_241' title='bbox 1277 3217 1455 3280; x_wconf 88' lang='lat' dir='ltr'>lectionum</span> <span class='ocrx_word' id='word_1_242' title='bbox 1477 3241 1538 3282; x_wconf 91' lang='lat' dir='ltr'>uu·</span> 
     </span>
     <span class='ocr_line' id='line_1_26' title="bbox 369 3322 1537 3405; baseline 0.006 -25"><span class='ocrx_word' id='word_1_243' title='bbox 369 3341 457 3381; x_wconf 86' lang='lat' dir='ltr'>mero</span> <span class='ocrx_word' id='word_1_244' title='bbox 477 3341 596 3402; x_wconf 90' lang='lat' dir='ltr'>paucas</span> <span class='ocrx_word' id='word_1_245' title='bbox 618 3330 746 3383; x_wconf 90' lang='lat' dir='ltr'>tantum</span> <span class='ocrx_word' id='word_1_246' title='bbox 766 3344 882 3405; x_wconf 91' lang='lat' dir='ltr'>easque</span> <span class='ocrx_word' id='word_1_247' title='bbox 904 3322 1033 3385; x_wconf 91' lang='lat' dir='ltr'>minimi</span> <span class='ocrx_word' id='word_1_248' title='bbox 1065 3323 1130 3385; x_wconf 82' lang='lat' dir='ltr'>fere</span> <span class='ocrx_word' id='word_1_249' title='bbox 1157 3322 1314 3385; x_wconf 93' lang='lat' dir='ltr'>momenti</span> <span class='ocrx_word' id='word_1_250' title='bbox 1341 3324 1476 3404; x_wconf 88' lang='lat' dir='ltr'>probare</span> <span class='ocrx_word' id='word_1_251' title='bbox 1497 3326 1537 3387; x_wconf 90' lang='lat' dir='ltr'>ab</span> 
     </span>
     <span class='ocr_line' id='line_1_27' title="bbox 370 3424 1538 3511; baseline 0.005 -24"><span class='ocrx_word' id='word_1_252' title='bbox 370 3424 478 3488; x_wconf 86' lang='lat' dir='ltr'>auimo</span> <span class='ocrx_word' id='word_1_253' title='bbox 500 3448 558 3490; x_wconf 91' lang='lat' dir='ltr'>suo</span> <span class='ocrx_word' id='word_1_254' title='bbox 581 3426 777 3509; x_wconf 89' lang='lat' dir='ltr'>impetrauit.</span> <span class='ocrx_word' id='word_1_255' title='bbox 821 3431 875 3492; x_wconf 91' lang='lat' dir='ltr'>uel</span> <span class='ocrx_word' id='word_1_256' title='bbox 902 3428 947 3492; x_wconf 91' lang='lat' dir='ltr'>sic</span> <span class='ocrx_word' id='word_1_257' title='bbox 973 3427 1114 3491; x_wconf 91' lang='lat' dir='ltr'>hominis</span> <span class='ocrx_word' id='word_1_258' title='bbox 1140 3427 1305 3511; x_wconf 90' lang='lat' dir='ltr'>ignauiam</span> <span class='ocrx_word' id='word_1_259' title='bbox 1320 3427 1395 3491; x_wconf 90' lang='lat' dir='ltr'>libri</span> <span class='ocrx_word' id='word_1_260' title='bbox 1408 3430 1538 3494; x_wconf 89' lang='lat' dir='ltr'>bonitas</span> 
     </span>
     <span class='ocr_line' id='line_1_28' title="bbox 370 3532 1563 3620; baseline 0.004 -25"><span class='ocrx_word' id='word_1_261' title='bbox 370 3532 534 3614; x_wconf 90' lang='lat' dir='ltr'>superauit</span> <span class='ocrx_word' id='word_1_262' title='bbox 560 3533 652 3617; x_wconf 86' lang='lat' dir='ltr'>eique</span> <span class='ocrx_word' id='word_1_263' title='bbox 678 3533 777 3596; x_wconf 90' lang='lat' dir='ltr'>semel</span> <span class='ocrx_word' id='word_1_264' title='bbox 802 3535 855 3597; x_wconf 91' lang='lat' dir='ltr'>uel</span> <span class='ocrx_word' id='word_1_265' title='bbox 882 3534 1000 3597; x_wconf 90' lang='lat' dir='ltr'>iterum</span> <span class='ocrx_word' id='word_1_266' title='bbox 1024 3557 1136 3597; x_wconf 90' lang='lat' dir='ltr'>ueram</span> <span class='ocrx_word' id='word_1_267' title='bbox 1161 3535 1420 3598; x_wconf 88' lang='lat' dir='ltr'>emendationem</span> <span class='ocrx_word' id='word_1_268' title='bbox 1447 3537 1563 3620; x_wconf 87' lang='lat' dir='ltr'>quasi·</span> 
     </span>
     <span class='ocr_line' id='line_1_29' title="bbox 369 3638 513 3701; baseline 0.014 -3"><span class='ocrx_word' id='word_1_269' title='bbox 369 3638 513 3701; x_wconf 85' lang='lat' dir='ltr'>extorsit.</span> 
     </span>
    </p>

    <p class='ocr_par' dir='ltr' id='par_1_3' title="bbox 369 3745 1535 4360">
     <span class='ocr_line' id='line_1_30' title="bbox 456 3745 1535 3830; baseline 0.006 -24"><span class='ocrx_word' id='word_1_270' title='bbox 456 3745 561 3808; x_wconf 88' lang='lat' dir='ltr'>Simili</span> <span class='ocrx_word' id='word_1_271' title='bbox 576 3747 658 3810; x_wconf 89' lang='lat' dir='ltr'>libro</span> <span class='ocrx_word' id='word_1_272' title='bbox 674 3758 770 3830; x_wconf 87' lang='lat' dir='ltr'>atque</span> <span class='ocrx_word' id='word_1_273' title='bbox 792 3746 820 3810; x_wconf 89' lang='grc'>10</span> <span class='ocrx_word' id='word_1_274' title='bbox 841 3746 922 3822; x_wconf 89' lang='lat' dir='ltr'>fuit,</span> <span class='ocrx_word' id='word_1_275' title='bbox 951 3768 991 3807; x_wconf 90' lang='lat' dir='ltr'>ex</span> <span class='ocrx_word' id='word_1_276' title='bbox 1013 3768 1076 3828; x_wconf 90' lang='lat' dir='ltr'>quo</span> <span class='ocrx_word' id='word_1_277' title='bbox 1101 3747 1348 3830; x_wconf 83' lang='lat' dir='ltr'>Bambergensis</span> <span class='ocrx_word' id='word_1_278' title='bbox 1370 3749 1535 3814; x_wconf 90' lang='lat' dir='ltr'>deriuatus</span> 
     </span>
     <span class='ocr_line' id='line_1_31' title="bbox 370 3851 1535 3936; baseline 0.007 -27"><span class='ocrx_word' id='word_1_279' title='bbox 370 3857 435 3924; x_wconf 89' lang='lat' dir='ltr'>est,</span> <span class='ocrx_word' id='word_1_280' title='bbox 461 3871 537 3914; x_wconf 89' lang='lat' dir='ltr'>usus</span> <span class='ocrx_word' id='word_1_281' title='bbox 561 3862 609 3914; x_wconf 89' lang='lat' dir='ltr'>est</span> <span class='ocrx_word' id='word_1_282' title='bbox 624 3854 795 3929; x_wconf 89' lang='lat' dir='ltr'>Iordanes,</span> <span class='ocrx_word' id='word_1_283' title='bbox 825 3874 921 3936; x_wconf 90' lang='lat' dir='ltr'>quem</span> <span class='ocrx_word' id='word_1_284' title='bbox 941 3851 977 3914; x_wconf 93' lang='lat' dir='ltr'>in</span> <span class='ocrx_word' id='word_1_285' title='bbox 998 3852 1080 3915; x_wconf 91' lang='lat' dir='ltr'>libro</span> <span class='ocrx_word' id='word_1_286' title='bbox 1095 3854 1134 3916; x_wconf 89' lang='grc'>110</span> <span class='ocrx_word' id='word_1_287' title='bbox 1150 3853 1349 3916; x_wconf 89' lang='lat' dir='ltr'>successione</span> <span class='ocrx_word' id='word_1_288' title='bbox 1364 3875 1535 3936; x_wconf 88' lang='lat' dir='ltr'>regnorum</span> 
     </span>
     <span class='ocr_line' id='line_1_32' title="bbox 369 3954 1535 4041; baseline 0.008 -27"><span class='ocrx_word' id='word_1_289' title='bbox 369 3954 529 4037; x_wconf 88' lang='lat' dir='ltr'>permulta</span> <span class='ocrx_word' id='word_1_290' title='bbox 543 3977 584 4017; x_wconf 85' lang='lat' dir='ltr'>ex</span> <span class='ocrx_word' id='word_1_291' title='bbox 599 3957 692 4020; x_wconf 87' lang='lat' dir='ltr'>Floro</span> <span class='ocrx_word' id='word_1_292' title='bbox 708 3958 910 4041; x_wconf 86' lang='lat' dir='ltr'>descripsisse</span> <span class='ocrx_word' id='word_1_293' title='bbox 926 3958 983 4020; x_wconf 91' lang='lat' dir='ltr'>diu</span> <span class='ocrx_word' id='word_1_294' title='bbox 998 3958 1259 4022; x_wconf 88' lang='lat' dir='ltr'>animaduersum</span> <span class='ocrx_word' id='word_1_295' title='bbox 1274 3969 1334 4022; x_wconf 89' lang='grc'><strong>001.</strong></span> <span class='ocrx_word' id='word_1_296' title='bbox 1359 3970 1392 4022; x_wconf 89' lang='grc'>01</span> <span class='ocrx_word' id='word_1_297' title='bbox 1413 3962 1454 4023; x_wconf 92' lang='lat' dir='ltr'>ab</span> <span class='ocrx_word' id='word_1_298' title='bbox 1476 3961 1535 4023; x_wconf 92' lang='lat' dir='ltr'>ini·</span> 
     </span>
     <span class='ocr_line' id='line_1_33' title="bbox 369 4058 1534 4147; baseline 0.006 -25"><span class='ocrx_word' id='word_1_299' title='bbox 369 4058 414 4122; x_wconf 92' lang='lat' dir='ltr'>tio</span> <span class='ocrx_word' id='word_1_300' title='bbox 430 4081 531 4142; x_wconf 87' lang='lat' dir='ltr'>usque</span> <span class='ocrx_word' id='word_1_301' title='bbox 547 4063 588 4125; x_wconf 89' lang='lat' dir='ltr'>ad</span> <span class='ocrx_word' id='word_1_302' title='bbox 601 4062 725 4125; x_wconf 87' lang='lat' dir='ltr'>bellum</span> <span class='ocrx_word' id='word_1_303' title='bbox 740 4062 987 4127; x_wconf 90' lang='lat' dir='ltr'>Macedonicum</span> <span class='ocrx_word' id='word_1_304' title='bbox 1008 4066 1186 4127; x_wconf 86' lang='lat' dir='ltr'>secundum</span> <span class='ocrx_word' id='word_1_305' title='bbox 1206 4086 1228 4147; x_wconf 95' lang='lat' dir='ltr'>p</span> <span class='ocrx_word' id='word_1_306' title='bbox 1245 4070 1297 4141; x_wconf 85' lang='grc'>16,</span> <span class='ocrx_word' id='word_1_307' title='bbox 1317 4072 1355 4127; x_wconf 85' lang='lat'>20</span> <span class='ocrx_word' id='word_1_308' title='bbox 1382 4067 1534 4130; x_wconf 89' lang='lat' dir='ltr'>Iordanes</span> 
     </span>
     <span class='ocr_line' id='line_1_34' title="bbox 369 4166 1532 4257; baseline 0.003 -26"><span class='ocrx_word' id='word_1_309' title='bbox 369 4166 447 4231; x_wconf 89' lang='lat' dir='ltr'>satis</span> <span class='ocrx_word' id='word_1_310' title='bbox 463 4166 595 4230; x_wconf 89' lang='lat' dir='ltr'>adsidue</span> <span class='ocrx_word' id='word_1_311' title='bbox 611 4179 644 4231; x_wconf 91' lang='lat' dir='ltr'>et</span> <span class='ocrx_word' id='word_1_312' title='bbox 657 4190 713 4251; x_wconf 89' lang='lat' dir='ltr'>per</span> <span class='ocrx_word' id='word_1_313' title='bbox 727 4168 824 4253; x_wconf 91' lang='lat' dir='ltr'>longa</span> <span class='ocrx_word' id='word_1_314' title='bbox 838 4170 944 4253; x_wconf 91' lang='lat' dir='ltr'>capita</span> <span class='ocrx_word' id='word_1_315' title='bbox 959 4169 1122 4252; x_wconf 90' lang='lat' dir='ltr'>integrum</span> <span class='ocrx_word' id='word_1_316' title='bbox 1136 4170 1200 4232; x_wconf 82' lang='lat' dir='ltr'>fere</span> <span class='ocrx_word' id='word_1_317' title='bbox 1212 4171 1344 4234; x_wconf 85' lang='lat' dir='ltr'>Florum</span> <span class='ocrx_word' id='word_1_318' title='bbox 1355 4172 1532 4257; x_wconf 86' lang='lat' dir='ltr'>descripsit,</span> 
     </span>
     <span class='ocr_line' id='line_1_35' title="bbox 369 4272 1534 4360; baseline 0.003 -22"><span class='ocrx_word' id='word_1_319' title='bbox 369 4287 439 4338; x_wconf 91' lang='lat' dir='ltr'>tum</span> <span class='ocrx_word' id='word_1_320' title='bbox 450 4295 527 4336; x_wconf 88' lang='lat' dir='ltr'>uero</span> <span class='ocrx_word' id='word_1_321' title='bbox 538 4272 704 4356; x_wconf 87' lang='lat' dir='ltr'>fatigatus,</span> <span class='ocrx_word' id='word_1_322' title='bbox 721 4285 758 4338; x_wconf 91' lang='lat' dir='ltr'>ut</span> <span class='ocrx_word' id='word_1_323' title='bbox 768 4276 898 4339; x_wconf 90' lang='lat' dir='ltr'>breuius</span> <span class='ocrx_word' id='word_1_324' title='bbox 910 4298 979 4338; x_wconf 88' lang='lat' dir='ltr'>rem</span> <span class='ocrx_word' id='word_1_325' title='bbox 989 4286 1164 4360; x_wconf 88' lang='lat' dir='ltr'>perageret,</span> <span class='ocrx_word' id='word_1_326' title='bbox 1180 4276 1296 4340; x_wconf 90' lang='lat' dir='ltr'>omisso</span> <span class='ocrx_word' id='word_1_327' title='bbox 1308 4278 1403 4340; x_wconf 89' lang='lat' dir='ltr'>Floro</span> <span class='ocrx_word' id='word_1_328' title='bbox 1412 4279 1447 4341; x_wconf 86' lang='lat' dir='ltr'>S.</span> <span class='ocrx_word' id='word_1_329' title='bbox 1458 4280 1534 4342; x_wconf 88' lang='lat' dir='ltr'>Rufi</span> 
     </span>
    </p>
   </div>
   <div class='ocr_carea' id='block_1_3' title="bbox 368 4378 1533 4784">
    <p class='ocr_par' dir='ltr' id='par_1_4' title="bbox 368 4378 1533 4784">
     <span class='ocr_line' id='line_1_36' title="bbox 368 4378 1533 4466; baseline 0.004 -23"><span class='ocrx_word' id='word_1_330' title='bbox 368 4380 573 4461; x_wconf 88' lang='lat' dir='ltr'>potissimum</span> <span class='ocrx_word' id='word_1_331' title='bbox 586 4378 782 4443; x_wconf 91' lang='lat' dir='ltr'>breuiarium</span> <span class='ocrx_word' id='word_1_332' title='bbox 797 4382 859 4445; x_wconf 91' lang='lat' dir='ltr'>sibi</span> <span class='ocrx_word' id='word_1_333' title='bbox 874 4382 972 4466; x_wconf 86' lang='lat' dir='ltr'>elegit</span> <span class='ocrx_word' id='word_1_334' title='bbox 987 4384 1072 4466; x_wconf 92' lang='lat' dir='ltr'>quod</span> <span class='ocrx_word' id='word_1_335' title='bbox 1088 4394 1281 4465; x_wconf 88' lang='lat' dir='ltr'>sequeretur.</span> <span class='ocrx_word' id='word_1_336' title='bbox 1306 4406 1411 4466; x_wconf 90' lang='lat' dir='ltr'>neque</span> <span class='ocrx_word' id='word_1_337' title='bbox 1428 4396 1533 4448; x_wconf 88' lang='lat' dir='ltr'>tamen</span> 
     </span>
     <span class='ocr_line' id='line_1_37' title="bbox 368 4485 1533 4575; baseline 0.004 -28"><span class='ocrx_word' id='word_1_338' title='bbox 368 4496 479 4567; x_wconf 89' lang='lat' dir='ltr'>postea</span> <span class='ocrx_word' id='word_1_339' title='bbox 494 4485 580 4550; x_wconf 91' lang='lat' dir='ltr'>Flori</span> <span class='ocrx_word' id='word_1_340' title='bbox 594 4506 723 4567; x_wconf 87' lang='lat' dir='ltr'>prorsus</span> <span class='ocrx_word' id='word_1_341' title='bbox 739 4486 856 4551; x_wconf 90' lang='lat' dir='ltr'>oblitus</span> <span class='ocrx_word' id='word_1_342' title='bbox 872 4498 931 4564; x_wconf 91' lang='lat' dir='ltr'>est,</span> <span class='ocrx_word' id='word_1_343' title='bbox 950 4489 1006 4551; x_wconf 90' lang='lat' dir='ltr'>sed</span> <span class='ocrx_word' id='word_1_344' title='bbox 1021 4488 1057 4550; x_wconf 91' lang='lat' dir='ltr'>in</span> <span class='ocrx_word' id='word_1_345' title='bbox 1070 4489 1163 4550; x_wconf 89' lang='lat' dir='ltr'>rebus</span> <span class='ocrx_word' id='word_1_346' title='bbox 1179 4490 1286 4553; x_wconf 88' lang='lat' dir='ltr'>Crassi</span> <span class='ocrx_word' id='word_1_347' title='bbox 1301 4511 1323 4572; x_wconf 94' lang='lat' dir='ltr'>p</span> <span class='ocrx_word' id='word_1_348' title='bbox 1337 4498 1389 4568; x_wconf 85' lang='lat'>75,</span> <span class='ocrx_word' id='word_1_349' title='bbox 1404 4499 1422 4552; x_wconf 87' lang='grc'>4</span> <span class='ocrx_word' id='word_1_350' title='bbox 1440 4505 1533 4575; x_wconf 85' lang='lat' dir='ltr'>atque</span> 
     </span>
     <span class='ocr_line' id='line_1_38' title="bbox 370 4590 1532 4681; baseline 0.007 -30"><span class='ocrx_word' id='word_1_351' title='bbox 370 4590 511 4673; x_wconf 90' lang='lat' dir='ltr'>Augusti</span> <span class='ocrx_word' id='word_1_352' title='bbox 526 4614 548 4673; x_wconf 93' lang='lat' dir='ltr'>p</span> <span class='ocrx_word' id='word_1_353' title='bbox 567 4599 624 4655; x_wconf 88' lang='lat'>113</span> <span class='ocrx_word' id='word_1_354' title='bbox 638 4615 696 4676; x_wconf 92' lang='lat' dir='ltr'>sqq</span> <span class='ocrx_word' id='word_1_355' title='bbox 712 4595 752 4657; x_wconf 91' lang='lat' dir='ltr'>ad</span> <span class='ocrx_word' id='word_1_356' title='bbox 768 4614 842 4656; x_wconf 91' lang='lat' dir='ltr'>eum</span> <span class='ocrx_word' id='word_1_357' title='bbox 855 4615 1003 4657; x_wconf 87' lang='lat' dir='ltr'>reuersus</span> <span class='ocrx_word' id='word_1_358' title='bbox 1017 4616 1120 4678; x_wconf 90' lang='lat' dir='ltr'>pauca</span> <span class='ocrx_word' id='word_1_359' title='bbox 1134 4598 1290 4677; x_wconf 86' lang='lat' dir='ltr'>quaedam</span> <span class='ocrx_word' id='word_1_360' title='bbox 1305 4595 1381 4659; x_wconf 89' lang='lat' dir='ltr'>inde</span> <span class='ocrx_word' id='word_1_361' title='bbox 1396 4598 1532 4681; x_wconf 82' lang='lat' dir='ltr'>descrip·</span> 
     </span>
     <span class='ocr_line' id='line_1_39' title="bbox 371 4695 1530 4784; baseline 0.007 -25"><span class='ocrx_word' id='word_1_362' title='bbox 371 4695 423 4760; x_wconf 91' lang='lat' dir='ltr'>sit.</span> <span class='ocrx_word' id='word_1_363' title='bbox 448 4695 548 4778; x_wconf 89' lang='lat' dir='ltr'>igitur</span> <span class='ocrx_word' id='word_1_364' title='bbox 568 4721 787 4784; x_wconf 89' lang='lat' dir='ltr'>quaecumque</span> <span class='ocrx_word' id='word_1_365' title='bbox 810 4700 965 4764; x_wconf 87' lang='lat' dir='ltr'>Iordanes</span> <span class='ocrx_word' id='word_1_366' title='bbox 987 4723 1004 4763; x_wconf 89' lang='lat' dir='ltr'>e</span> <span class='ocrx_word' id='word_1_367' title='bbox 1027 4700 1121 4764; x_wconf 91' lang='lat' dir='ltr'>Floro</span> <span class='ocrx_word' id='word_1_368' title='bbox 1142 4703 1183 4765; x_wconf 88' lang='lat' dir='ltr'>ad</span> <span class='ocrx_word' id='word_1_369' title='bbox 1205 4704 1340 4765; x_wconf 90' lang='lat' dir='ltr'>uerbum</span> <span class='ocrx_word' id='word_1_370' title='bbox 1363 4715 1530 4767; x_wconf 79' lang='lat' dir='ltr'>mutuatus</span> 
     </span>
    </p>
   </div>
   <div class='ocr_carea' id='block_1_4' title="bbox 0 0 1910 5534">
    <p class='ocr_par' dir='ltr' id='par_1_5' title="bbox 0 0 1910 5534">
     <span class='ocr_line' id='line_1_40' title="bbox 0 0 1910 5534; baseline 0 1"><span class='ocrx_word' id='word_1_371' title='bbox 0 0 1910 5534; x_wconf 95' lang='lat' dir='ltr'> </span> 
     </span>
    </p>
   </div>
  </div>
 </body>
</html>
