3809 5534
692 619 841 664 arrrous
858 619 897 676 rr,
915 612 990 662 7—tt
1008 599 1076 684 [un
1096 599 1230 685 19-11].
1266 678 1270 685 ⁶
1500 599 1541 663 87

398 790 459 851 peos
471 780 503 833 et
522 769 610 833 ferro
631 769 868 852 ergastulorum
889 779 1013 834 recocto
1033 771 1157 854 gladios
1178 793 1214 834 ao
1238 771 1302 833 tela
1323 769 1478 833 fecerunt.
1503 791 1541 834 ac

393 877 524 959 nequod
539 876 639 940 decus
653 875 740 940 iusto
754 877 880 940 deesset
894 875 1069 953 exercitui,
1093 876 1224 942 domitis
1240 875 1344 941 obuiis
1359 876 1457 940 etism
1470 897 1540 960 grs-

391 982 475 1065 gibus
490 993 623 1065 paratur
637 981 813 1066 equitatus,
830 992 988 1065 captaque
1003 984 1043 1045 de
1058 983 1258 1066 praetoribus
1273 982 1416 1064 insignia
1430 992 1463 1046 et
1477 982 1540 1046 fas·

389 1109 437 1153 ees
450 1089 625 1152 adducam
648 1089 801 1152 detulere.
832 1109 893 1152 nec
915 1088 1030 1152 abnuit
1052 1087 1107 1151 ille
1129 1090 1169 1153 da
1191 1089 1400 1173 stipendiario
1420 1088 1543 1153 Thrace

347 1200 364 1249 l
385 1194 492 1272 miles,
509 1196 550 1258 de
565 1193 670 1259 milite
684 1196 845 1272 desertor,
868 1195 909 1258 de
924 1196 1084 1259 desertore
1100 1196 1200 1271 latro,
1225 1194 1342 1259 deinde
1365 1195 1400 1258 in
1424 1195 1545 1259 honore

387 1301 504 1365 uirium
524 1300 695 1385 gladiator.
723 1300 803 1385 quin
822 1301 1048 1365 defunctorum
1070 1321 1197 1385 quoque
1217 1298 1339 1382 proelio
1361 1303 1481 1365 ducum
1495 1301 1545 1364 fu·

388 1429 462 1471 nera
475 1407 708 1491 imperatorum
722 1406 898 1471 celebrauit
912 1407 1075 1491 exequiis,
1103 1404 1313 1490 captiuosque
1333 1407 1418 1471 cirea
1432 1428 1547 1491 rogum

391 1514 479 1579 iussit
495 1513 594 1578 aruris
605 1515 801 1597 depugnare,
819 1513 1016 1596 quasiplnne
1028 1513 1215 1597 expiaturus
1227 1534 1322 1576 omne
1338 1512 1548 1597 praeteritum

391 1620 543 1695 dedecus,
560 1619 589 1684 si
604 1622 644 1684 da
658 1619 835 1704 gladiatore
850 1619 1052 1683 munerarius
1066 1621 1201 1684 bustum
1214 1618 1354 1683 fecisset.
1384 1619 1461 1683 inde
1483 1618 1548 1682 iam

346 1730 368 1780 ⁰
393 1725 593 1790 consularem
618 1747 745 1809 quoquc
771 1727 941 1809 adgressus
964 1724 999 1788 in
1020 1725 1193 1809 Appenino
1217 1724 1350 1788 Lentuli
1372 1723 1549 1788 exercitum

391 1830 515 1908 cecidit,
533 1833 619 1915 apud
635 1831 800 1895 Mutinam
815 1831 913 1896 Publi
929 1831 1021 1896 Cassi
1037 1843 1141 1896 castra
1155 1831 1288 1895 deleuit.
1312 1830 1429 1915 quibus
1445 1830 1549 1894 elatus

391 1937 533 2002 uictoriis
548 1939 588 2001 de
602 1936 788 2001 inuadenda
801 1938 881 2001 urbe
897 1939 1004 2002 Roma
1018 1974 1060 1986 —
1077 1940 1164 2021 quod
1183 1937 1261 2001 satis
1282 1948 1331 2002 est
1354 1936 1550 2021 turpitudini

392 2053 518 2108 nostrae
535 2079 574 2092 ·-
590 2043 793 2107 deliberauit.
819 2046 950 2108 tandem
962 2044 1050 2108 enim
1066 2042 1141 2106 totis
1156 2042 1284 2125 imperii
1298 2043 1423 2108 uiribus
1439 2055 1551 2107 eontra

391 2149 628 2234 myrmillonem
639 2161 850 2234 consurgunt,
866 2153 1085 2234 pudoremque
1097 2150 1284 2213 Romanurn
1298 2149 1444 2213 Licinius
1457 2151 1549 2213 Cras·

346 2260 376 2315 lb
393 2279 443 2321 sus
459 2254 620 2331 adseruit3
638 2277 657 2319 a
672 2277 737 2338 quo
751 2256 838 2338 pulsi
857 2257 1026 2341 fugatique
1042 2292 1081 2304 -
1098 2256 1199 2338 pudet
1214 2253 1319 2317 dicere
1333 2292 1377 2303 -
1391 2255 1499 2319 hostes
1515 2255 1550 2318 in

395 2373 538 2427 extrema
563 2360 680 2426 Italiae
704 2362 904 2445 refugerunt.
937 2362 984 2426 ibi
1003 2362 1088 2425 eirca
1109 2360 1266 2425 Brittium
1281 2363 1440 2446 angulum
1454 2361 1549 2438 elusi,

394 2490 466 2533 aum
486 2468 602 2551 fugam
621 2466 656 2530 in
684 2467 830 2532 Siciliam
855 2480 1005 2552 pararent
1036 2489 1142 2551 neque
1170 2467 1304 2550 nauigia
1331 2478 1550 2552 suppeterent,

391 2585 536 2658 ratesque
556 2595 598 2636 ex
611 2572 752 2637 cratibus
768 2584 801 2637 et
815 2575 909 2638 dolea
924 2596 1046 2638 conexa
1069 2573 1221 2658 uirgultis
1246 2573 1450 2656 rapidissimo
1471 2574 1552 2637 freto

392 2681 508 2744 mustra
523 2679 767 2762 experirentur,
785 2683 916 2745 tandem
931 2680 1099 2764 eruptione
1120 2680 1206 2743 faeta
1226 2680 1326 2764 digna
1347 2679 1426 2743 uiris
1447 2678 1553 2742 obiere

346 2792 377 2849 lt
393 2797 493 2852 morte
508 2796 554 2861 et,
572 2786 658 2868 quod
673 2786 736 2850 sub
751 2786 929 2869 gladiatore
943 2788 1026 2850 duce
1042 2786 1203 2870 oportuit,
1221 2786 1291 2850 sine
1305 2784 1458 2849 missione
1471 2806 1553 2869 pug-

393 2904 506 2957 natum
522 2901 583 2955 est.
609 2891 785 2975 Spartacus
800 2891 868 2974 ipse
884 2892 918 2955 in
933 2892 1038 2976 primo
1053 2892 1182 2976 agmine
1203 2891 1375 2957 fortissime
1397 2891 1554 2955 dimicans

394 2998 485 3083 quasi
499 2998 674 3082 imperator
688 2996 811 3061 occisus
827 3009 892 3062 est.

584 3221 705 3285 V1111.
732 3220 917 3285 BELLVM
935 3221 1092 3285 CIVILE
1108 3220 1291 3284 MARIAN
1295 3222 1374 3285 VM.

397 3411 471 3474 Hoc
485 3410 595 3472 deerat
608 3429 715 3470 unum
726 3406 839 3492 populi
853 3406 996 3471 Romani
1008 3406 1115 3484 malis,
1133 3418 1170 3471 ut
1186 3408 1251 3471 iam
1266 3407 1334 3492 ipse
1346 3407 1432 3471 intra
1443 3428 1476 3469 se
1487 3428 1558 3489 par·
1571 3429 1625 3483 111,
1636 3408 1668 3468 21

354 3524 382 3575 tt
399 3515 529 3580 rimdale
551 3514 674 3578 bellum
696 3513 787 3578 dorni
809 3513 1001 3597 stringeret,
1018 3513 1101 3588 etin
1116 3514 1194 3576 urbe
1209 3512 1315 3576 media
1330 3534 1367 3575 ac
1381 3512 1450 3575 foro
1465 3509 1557 3594 quasi

399 3621 520 3685 harena
542 3619 629 3682 ciues
652 3641 729 3682 cum
752 3618 879 3684 ciuibus
902 3620 970 3684 suis
991 3618 1183 3704 gladiatorio
1207 3641 1295 3681 more
1318 3628 1554 3681 concurrerent.

400 3725 548 3810 aequiore
565 3724 673 3788 animo
688 3736 863 3808 utcumque
878 3725 1004 3802 ferrem,
1022 3726 1049 3790 si
1064 3724 1168 3809 plebei
1183 3726 1279 3788 duces
1296 3736 1364 3801 aut,
1382 3724 1409 3788 si
1421 3724 1558 3799 nobiles,

400 3832 478 3898 mali
493 3832 612 3896 saltem
626 3831 780 3893 ducatum
795 3831 906 3894 sceleri
922 3833 1154 3915 praebuissent.
1180 3844 1250 3893 turn
1263 3854 1339 3895 uero
1357 3868 1392 3879 -
1411 3854 1469 3914 pro
1483 3830 1560 3894 faci·

402 4107 418 4157 2
430 4104 550 4159 dedecus
562 4100 610 4171 Bl-
618 4101 701 4156 etiam
713 4115 787 4156 omn
799 4104 807 4173 Η
820 4105 975 4172 3parantur
985 4115 1005 4156 Β
1018 4101 1027 4171 ll
1040 4105 1055 4154 5
1069 4101 1103 4154 de
1116 4102 1253 4154 desertore
1265 4101 1335 4155 latro
1351 4102 1562 4155 Momsmsm'ur:

402 4190 436 4244 da
447 4189 519 4244 latro
531 4201 561 4253 Β,
575 4187 674 4241 deinde
686 4188 755 4243 latro
767 4200 789 4242 Β
802 4188 811 4259 ll
825 4193 840 4241 6
856 4188 923 4259 quin
936 4186 1153 4241 Freirulssms'us:
1176 4186 1239 4256 quia
1250 4199 1285 4250 Β,
1306 4186 1354 4257 qui
1364 4200 1390 4240 Ν
1400 4188 1409 4256 l}
1423 4191 1436 4239 1
1451 4186 1564 4256 impera-

402 4275 480 4330 toriis
495 4274 542 4346 Nl
561 4277 577 4328 8
597 4273 767 4345 depugnaret
784 4285 803 4326 Β
817 4272 825 4342 ll
842 4276 857 4325 9
876 4280 1035 4326 munerator
1052 4272 1097 4341 Nl
1115 4271 1226 4324 bustum
1244 4271 1352 4337 fecisset
1369 4270 1480 4340 smirci:
1505 4278 1564 4324 tum

403 4360 503 4414 fuisset
513 4371 542 4425 Β,
562 4358 660 4414 fuisset
675 4360 719 4431 1111
735 4364 766 4413 10
785 4357 944 4413 consulares
955 4357 1000 4427 Nl
1013 4356 1168 4427 appennino
1180 4368 1205 4409 Β
1215 4356 1224 4427 ΙΙ
1240 4360 1268 4409 11
1284 4354 1447 4425 percaecidit
1463 4354 1566 4425 1111ςαὶ

404 4445 474 4499 cassi
485 4444 531 4515 ΒΙΙ
547 4447 578 4498 12
591 4461 702 4500 romana
712 4447 776 4515 mvn
792 4447 824 4497 13
836 4442 917 4497 stiam
929 4455 956 4496 Β
967 4444 976 4513 ll
992 4446 1022 4495 14
1036 4442 1260 4513 consurgiturrrll
1276 4438 1447 4495 lbbruttium
1457 4452 1478 4493 Β
1490 4439 1500 4510 l
1512 4439 1568 4494 fusi

404 4544 424 4585 Β
437 4532 446 4602 ll
463 4533 494 4585 18
506 4530 630 4585 trabibus
641 4543 661 4585 Β
673 4532 683 4601 ll
696 4530 770 4584 dolia
786 4543 806 4584 Β
819 4529 828 4600 ll
841 4529 870 4583 in
882 4527 1055 4598 rapidissimo
1066 4539 1092 4581 Β
1103 4526 1111 4596 ll
1128 4530 1158 4579 19
1171 4526 1339 4597 experiretur
1355 4537 1374 4578 Β
1387 4526 1396 4594 ΙΙ
1410 4525 1521 4595 dignam
1536 4556 1565 4565 —

407 4616 580 4686 mortemrrll
593 4618 625 4669 21
644 4623 788 4687 spartagus
806 4614 848 4684 cll
869 4613 974 4668 aemins
993 4614 1079 4683 Β1111
1099 4614 1153 4667 iam
1171 4620 1202 4667 ut
1213 4612 1258 4683 Nl
1271 4615 1304 4665 25
1323 4611 1408 4665 telum
1425 4610 1567 4665 Freinshe-

409 4702 479 4755 ms‘sss
492 4702 501 4773 ll
515 4705 549 4756 26
562 4713 673 4755 arenas
686 4702 695 4772 ΙΙ
709 4705 741 4756 28
754 4700 834 4755 malis
847 4712 872 4754 N
883 4700 891 4769 ll
905 4717 967 4753 cum
978 4698 1023 4768 Nl
