3809 5534
854 564 1052 614 exanimo.
1479 560 1539 618 VII

365 733 415 788 est
430 713 478 785 ita
493 720 647 784 adnotaui
670 730 706 783 ut
729 719 830 803 signis
850 714 927 783 ‘'et”
954 719 1150 783 includerem
1173 740 1192 781 a
1209 721 1344 783 Iordane
1366 723 1536 807 descripta,

365 829 485 913 quibus
501 828 697 909 respondent
711 825 746 888 in
761 824 906 909 margine
921 825 1027 909 posita
1038 831 1101 889 let
1115 826 1177 911 [1].
1204 825 1259 887 ubi
1275 824 1427 892 Iordanes
1442 831 1537 895 Floro

364 957 444 999 usus
460 945 521 1011 est,
538 942 575 995 ut
591 940 700 995 tamen
714 928 813 995 uerba
828 930 896 995 eius
911 953 979 995 non
991 932 1193 1008 describeret,
1216 931 1387 1015 diligenter
1405 936 1538 999 adtendi

364 1037 548 1121 numquid
571 1039 612 1101 ad
638 1059 749 1101 ueram
775 1035 947 1101 lectionem
973 1038 1206 1103 restituendam
1226 1037 1302 1101 iude
1325 1038 1408 1101 effici
1428 1052 1536 1122 posset

364 1166 472 1227 neque
486 1144 521 1207 id
537 1145 690 1207 adnotare
712 1143 852 1226 neglexi.
896 1155 929 1207 at
949 1163 1027 1209 uero
1048 1139 1193 1209 Iordanis
1214 1145 1343 1208 libellus
1364 1155 1402 1207 ut
1415 1161 1538 1210 nunca

364 1250 529 1316 Vulcanio
544 1260 576 1313 et
592 1247 770 1312 Muratorio
786 1271 826 1311 ex
840 1249 1043 1334 interpolatis
1065 1259 1161 1334 atque
1177 1250 1359 1334 deprauatis
1374 1251 1537 1316 codicibus

365 1357 473 1421 editus
496 1355 717 1419 circumfertur
736 1347 835 1418 fidem
856 1376 923 1418 non
951 1367 1091 1419 meretur
1111 1368 1144 1420 ct
1163 1356 1199 1420 in
1219 1357 1330 1420 critica
1359 1360 1537 1421 exercenda

365 1462 490 1525 nullius
506 1484 582 1524 usus
594 1471 643 1524 est
653 1459 728 1536 nisi,
745 1462 830 1543 quod
841 1461 1018 1525 rectissime
1029 1462 1094 1525 iam
1107 1462 1282 1526 Salmasius
1294 1463 1535 1540 animaduertit,

367 1571 409 1633 ad
425 1568 574 1651 antiquos
589 1565 713 1629 codices
729 1566 887 1649 exigatur.
921 1568 1055 1631 adhibui
1075 1568 1174 1652 igitur
1189 1569 1330 1632 codicem
1346 1569 1535 1632 Heidelber-

365 1697 500 1759 gensem
515 1674 620 1755 (921),
638 1671 782 1754 quoiam
799 1672 976 1736 Salmasius
996 1696 1073 1738 usus
1089 1683 1158 1750 est,
1175 1675 1210 1737 in
1225 1675 1420 1738 membranis
1435 1675 1537 1738 forma

366 1783 523 1865 quadrata
542 1777 661 1841 maiora
685 1779 811 1841 saeculo
832 1800 918 1842 nono
932 1778 1114 1843 litteratura
1128 1782 1388 1865 Anglosaxonica
1410 1782 1536 1866 egregie

365 1884 534 1967 scriptum.
567 1882 632 1968 abs
643 1882 717 1964 „itio
732 1884 865 1948 mutilus
881 1894 947 1962 est,
971 1905 1048 1948 nam
1067 1885 1183 1969 incipit
1203 1887 1239 1950 in
1261 1888 1343 1952 libro
1358 1891 1398 1951 de
1414 1910 1536 1951 succes-

366 1989 457 2054 sione
472 1903 681 2072 regnoruga
694 1989 800 2053 uerbis
812 1984 946 2075 ‘elfinis
959 1984 1072 2076 regni,
1090 2014 1171 2074 quae
1187 1993 1221 2055 in
1237 1994 1378 2057 editione
1386 1993 1538 2058 Vulcanii

366 2117 390 2179 p
410 2102 446 2158 18
468 2096 632 2179 leguntur.
664 2094 700 2158 in
720 2096 786 2159 ima
807 2096 926 2179 pagina
947 2096 1051 2180 prima
1066 2099 1178 2159 eadem
1193 2098 1384 2182 subscriptio
1406 2100 1537 2183 legitur,

367 2222 466 2285 quam
487 2202 717 2266 Lachmannus
734 2224 751 2265 e
775 2202 884 2265 codice
904 2201 1047 2271 Lucretii
1069 2203 1208 2287 oblongo
1223 2225 1244 2286 p
1262 2212 1279 2266 5
1303 2200 1540 2269 enotiiuit‘Istc

366 2308 450 2372 liber
457 2307 602 2391 pertinet
616 2309 665 2370 od
679 2307 849 2371 librariam
866 2305 983 2372 Sancti
995 2308 1141 2372 Martini
1161 2309 1255 2373 ecclia
1268 2310 1484 2395 Mogontiaco
1498 2309 1543 2374 M

367 2413 522 2478 Sindicus
541 2406 644 2477 1479'.
670 2436 707 2477 eo
722 2413 823 2497 igitur
838 2423 980 2497 tempore
995 2414 1061 2477 iam
1080 2416 1249 2479 mutilatus
1272 2429 1340 2480 erat
1362 2416 1459 2493 liber,
1484 2416 1540 2499 qui

366 2520 445 2583 inde
459 2542 480 2583 a
493 2519 570 2583 folio
583 2529 618 2583 51
631 2542 723 2584 uerso
739 2518 887 2583 Iordanis
902 2519 1022 2582 librum
1035 2523 1074 2583 de
1088 2521 1264 2603 originibus
1280 2523 1538 2603 actibusqueGe-

368 2636 476 2689 tarum
491 2627 647 2690 continet.
666 2626 810 2689 adhunc
825 2626 1138 2709 praestantissimum
1152 2626 1294 2689 codicem
1310 2625 1443 2688 accessit
1459 2626 1540 2688 alter

369 2731 588 2808 Monacensis,
602 2730 680 2795 olim
693 2731 922 2815 Pollingensis,
939 2732 1066 2795 saeculo
1078 2731 1267 2795 duodecimo
1285 2731 1435 2816 scriptus,
1457 2729 1538 2793 Hei·

368 2838 572 2922 delbergensi
586 2860 652 2901 non
669 2838 818 2913 deterior,
836 2859 932 2922 quem
949 2848 1095 2901 accurate
1108 2838 1247 2901 contulit
1262 2837 1427 2900 Halmius.
1453 2836 1539 2899 idem

368 2943 520 3008 adhibuit
535 2944 633 3007 etiam
648 2945 785 3008 alterum
807 2946 1056 3020 Monacensem,
1081 2944 1158 3007 olim
1180 2943 1449 3007 Ratisbonensem
1471 2944 1538 3006 Ior-

366 3050 461 3115 danis
476 3051 619 3115 codicem
634 3050 754 3114 saeculi
768 3070 821 3113 xm
837 3061 933 3133 atque
948 3050 1219 3133 Bambergensem
1242 3048 1395 3111 historiae
1414 3048 1540 3112 miscel-

366 3156 431 3233 lae,
448 3178 531 3239 quae
546 3178 563 3219 e
579 3158 716 3220 Iordane
732 3158 890 3240 quaedam
906 3156 995 3220 Flori
1009 3164 1162 3238 excerpta
1177 3154 1332 3217 continet.
1366 3175 1445 3237 quos
1467 3175 1541 3217 cum

368 3261 515 3325 uiderem
528 3262 673 3325 bonitate
689 3261 753 3325 illis
769 3263 893 3326 duobus
908 3263 1004 3346 longe
1019 3263 1141 3337 cedere,
1159 3260 1309 3323 consului
1325 3260 1467 3343 quidem,
1485 3259 1542 3324 sed

367 3367 475 3431 uarias
490 3367 565 3430 inde
581 3367 734 3431 lectiones
750 3369 872 3433 adferre
888 3368 997 3445 nolui,
1019 3390 1060 3431 ne
1076 3377 1266 3449 apparatum
1282 3365 1429 3429 criticum
1443 3366 1543 3429 inuti-

365 3475 441 3537 liter
461 3496 622 3557 augerem.
649 3474 780 3538 omnino
796 3474 832 3536 in
853 3474 1017 3551 Iordanis,
1036 3494 1132 3557 quem
1146 3478 1170 3535 Ι
1179 3471 1309 3548 notaui,
1335 3472 1472 3535 lectione
1488 3472 1542 3533 ad·

369 3579 515 3640 notanda
530 3580 707 3641 tenendum
727 3579 843 3661 putaui
865 3579 954 3643 Flori
972 3600 1024 3643 me
1046 3600 1150 3661 neque
1174 3600 1250 3641 uero
1266 3575 1413 3640 Iordanis
1430 3575 1543 3640 editio·

370 3704 446 3747 nem
461 3705 583 3746 curare.
617 3707 713 3767 quare
729 3685 838 3748 omnia
853 3685 919 3749 fere
934 3684 1029 3748 omisi
1044 3706 1125 3766 quae
1140 3685 1181 3746 ad
1197 3682 1457 3764 orthographiam
1472 3704 1542 3765 spe-

369 3799 461 3852 ctant
476 3812 581 3873 neque
596 3791 768 3855 manifesta
782 3791 985 3855 librariorum
996 3789 1089 3865 uitia,
1107 3787 1214 3872 qualia
1227 3787 1346 3871 ubique
1358 3799 1543 3864 occmrunt,

370 3897 524 3959 adnotare
551 3918 664 3979 operae
690 3896 829 3980 pretium
857 3896 955 3972 duxi3
993 3906 1063 3959 tum
1097 3917 1172 3958 uero
1205 3894 1398 3977 ubicumque
1426 3894 1544 3957 codicis

370 4001 620 4085 Bambergensis
635 4002 789 4065 lectiones
804 4002 966 4086 genuinae
981 4001 1017 4063 in
1032 4023 1098 4064 uno
1113 4002 1167 4064 uel
1174 4000 1321 4084 pluribus
1330 4000 1477 4063 Iordanis
1493 4022 1544 4062 co·

371 4106 497 4170 dicibus
513 4109 680 4186 extabant,
697 4109 891 4197 reliquorum
904 4107 1119 4171 aberrationes
1131 4129 1198 4169 non
1210 4107 1332 4183 curaui,
1350 4116 1382 4168 et
1398 4105 1544 4168 codicum

371 4213 658 4297 Heidelbergensis
681 4213 743 4297 (Il)
766 4224 862 4297 atquc
889 4213 1107 4297 Pollingensis
1134 4215 1195 4295 (Il)
1222 4211 1452 4295 discrepantias
1478 4230 1545 4271 non

374 4318 434 4381 nisi
455 4319 502 4383 eis
524 4319 603 4383 locis
627 4319 781 4403 adscripsi
804 4320 860 4383 ubi
883 4319 924 4383 ad
944 4319 1102 4383 iudicium
1124 4321 1164 4382 de
1179 4340 1257 4382 uera
1282 4317 1419 4380 lectione
1441 4315 1544 4376 feren·

376 4424 451 4487 dum
471 4425 608 4489 alicuius
631 4426 787 4490 momenti
810 4448 878 4490 esse
900 4435 1041 4509 possent.
1075 4447 1138 4508 qua
1157 4425 1193 4487 in
1213 4447 1246 4487 re
1266 4444 1326 4484 uec
1348 4441 1462 4503 operae
1484 4442 1545 4483 nec

378 4528 501 4595 chartae
516 4531 656 4595 nimium
670 4554 805 4615 parcum
819 4553 871 4595 me
886 4530 985 4594 fuisse
1006 4530 1153 4594 conscius
1176 4528 1257 4592 mihi
1279 4549 1371 4602 sum,
1400 4536 1545 4589 ceterum

380 4632 434 4699 hoo
448 4659 505 4721 pro
522 4648 609 4703 certo
625 4647 733 4703 teneat
748 4641 804 4720 qui
819 4637 854 4700 in
869 4637 957 4701 Flori
972 4639 1071 4701 uerba
1084 4634 1203 4700 rectius
1216 4633 1442 4698 constituenda
1453 4652 1546 4694 accu-
