3809 5534
477 1435 505 1497 l.
532 1439 562 1497 A
578 1438 769 1500 ROMVLO
785 1436 1005 1499 TEMPORA
1020 1436 1182 1499 REGl'M
1200 1437 1389 1500 SEPTEM.

358 1690 503 1773 Populus
526 1690 694 1753 Romanus
710 1712 729 1752 a
750 1711 824 1773 rege
839 1689 981 1753 Romulo
1001 1689 1035 1751 in
1052 1691 1220 1753 (laesarcm
1242 1691 1428 1774 Augustum
1444 1712 1513 1774 sep·

358 1795 520 1879 tingentes
541 1818 598 1879 per
620 1816 720 1858 annos
742 1805 871 1858 tantum
893 1817 1025 1878 operum
1046 1817 1124 1879 paee
1143 1797 1292 1879 belloque
1317 1796 1436 1880 gessit,
1463 1808 1512 1870 ut,

357 1901 382 1963 si
396 1901 470 1984 quis
486 1901 747 1985 magnitudinem
757 1900 882 1985 imperii
894 1922 968 1963 cum
988 1900 1081 1963 annis
1101 1901 1260 1976 conferat,
1278 1898 1415 1965 aetatem
1429 1901 1516 1964 ultra

356 2017 459 2089 putet.
474 2007 531 2069 ita
552 2008 617 2069 late
632 2029 688 2091 per
703 2007 811 2069 orbem
827 2017 982 2068 terrarum
997 2028 1085 2069 arma
1100 2007 1316 2083 circumtulit,
1342 2020 1378 2071 ut
1393 2008 1449 2091 qui
1465 2030 1514 2070 ree

356 2110 444 2174 illius
467 2113 582 2195 legunt
611 2134 677 2175 non
697 2112 796 2174 unius
812 2111 952 2195 populi,¹
967 2113 1022 2175 sed
1036 2112 1162 2195 generis
1178 2113 1313 2175 humani
1334 2113 1420 2176 sacta
1440 2134 1514 2175 con-

357 2216 493 2280 discant.
520 2227 569 2280 tot
584 2216 618 2279 in
633 2216 796 2280 laboribus
812 2217 1026 2300 periculisque
1042 2217 1179 2281 iactatus
1195 2230 1261 2293 est,
1287 2230 1324 2281 ut
1340 2219 1380 2280 ad
1396 2218 1513 2281 consti·

358 2324 515 2385 tuendum
527 2322 597 2385 eius
609 2322 778 2407 imperium
790 2323 993 2412 contendisse
1004 2323 1117 2386 Virtus
1130 2334 1161 2385 et
1173 2324 1317 2387 Fortuna
1327 2324 1511 2388 uideantur.

357 2448 419 2508 qua
433 2450 468 2490 re
483 2450 559 2491 curn
574 2428 601 2491 si
617 2428 695 2511 quid
711 2429 801 2491 aliud
815 2429 876 2491 hoc
892 2450 1020 2511 quoque
1041 2435 1154 2511 operae
1175 2429 1315 2512 pretium
1335 2430 1377 2492 sit
1398 2451 1514 2512 cogno·

358 2554 453 2609 scere,
471 2545 580 2597 tamen
596 2534 673 2617 quia
687 2534 758 2619 ipsa
773 2535 834 2597 sibi
850 2536 956 2598 obstat
976 2533 1168 2616 magnitudo
1189 2556 1359 2618 rerumque
1380 2534 1513 2597 diuersi-

357 2647 403 2700 tas
419 2638 522 2702 aciem
533 2640 723 2703 intentionis
736 2640 909 2724 abrumpit,
926 2638 1042 2702 faciam
1053 2639 1140 2721 quod
1152 2638 1268 2714 solent,
1286 2639 1342 2722 qui
1358 2653 1514 2703 terrarum

357 2743 435 2807 situs
450 2744 594 2828 pingunt
610 2768 617 2807 :
642 2745 674 2807 in
696 2745 789 2808 breui
804 2745 896 2829 quasi
918 2744 1037 2807 tabella
1058 2753 1160 2807 totam
1174 2744 1243 2808 eius
1259 2744 1433 2827 imaginem
1448 2767 1513 2807 am-

356 2848 493 2932 plectar,
511 2873 578 2914 non
592 2851 694 2928 nibil,
719 2863 756 2915 ut
772 2874 880 2937 spero,
905 2852 946 2913 ad
962 2849 1207 2913 admirationem
1226 2850 1381 2935 principis
1400 2851 1514 2937 populi

357 2957 559 3034 conlaturus,
585 2957 752 3041 si'pariter
774 2959 878 3040 adque
898 2956 1034 3020 insemel
1049 2956 1235 3020 uniuersam
1256 2957 1515 3041 magnitudinem

358 3060 424 3124 eius
441 3063 621 3125 ostendero.

442 3167 478 3230 Si
494 3167 565 3250 quis
582 3189 657 3251 ergo
671 3168 830 3252 populum
844 3169 1031 3232 Romanum
1043 3171 1135 3253 quasi
1148 3193 1251 3235 unum
1262 3171 1428 3235 hominem
1439 3193 1513 3235 eon·

358 3272 473 3336 sideret
494 3283 659 3355 totamque
682 3274 751 3337 eius
775 3284 913 3336 aetatem
934 3257 1138 3357 percenseat,
1167 3289 1205 3340 ut
1227 3278 1385 3361 coeperit,
1412 3289 1513 3361 utque

357 3378 544 3455 adoleuerit,
562 3390 600 3440 ut
614 3380 707 3461 quasi
722 3381 763 3442 ad
778 3380 941 3462 quandam
955 3380 1108 3444 iuuentae
1123 3384 1249 3467 frugem
1264 3383 1458 3467 peruenerit,
1476 3395 1513 3443 ut

356 3493 466 3568 postea
477 3484 570 3547 uelut
586 3484 800 3561 consenuerit,
817 3495 970 3567 quattuor
984 3488 1137 3569 gradibus
1151 3511 1205 3550 aa.
1224 3488 1328 3575 prima
1348 3498 1435 3549 aetas
1452 3488 1512 3549 sub

356 3588 484 3672 regibus
499 3590 563 3652 fuit
577 3612 675 3674 prope
697 3612 754 3674 per
777 3612 879 3653 annos
901 3611 974 3667 cen,
999 3593 1117 3676 quibus
1140 3591 1260 3654 circum
1281 3593 1395 3654 urbem
1409 3592 1512 3676 ipsam

357 3717 429 3759 cum
451 3695 599 3759 finitimis
620 3696 762 3759 luctatus
786 3707 845 3758 est.
877 3696 958 3757 haee
981 3695 1040 3759 erit
1063 3697 1132 3759 eius
1154 3696 1303 3759 infantia.
1337 3719 1473 3780 sequens
1495 3721 1514 3760 a

356 3803 456 3864 Bruto
479 3801 705 3884 Collatinoque
725 3802 912 3865 consulibus
934 3801 969 3864 in
990 3802 1135 3887 Appium
1153 3802 1329 3866 Claudium
1351 3804 1514 3872 Quintum

357 3906 511 3970 Fuluium
526 3906 674 3969 consules
690 3928 745 3971 cen
761 3908 854 3971 annis
876 3917 984 3992 patet,
1009 3908 1126 3992 quibus
1144 3908 1273 3973 Italiam
1289 3909 1427 3995 subegit.
1452 3909 1513 3973 hoe

362 4159 426 4212 lom
438 4172 463 4213 N
474 4161 483 4231 ΙΙ
497 4164 512 4213 5
526 4160 601 4215 illius
612 4174 643 4214 B:
657 4162 714 4216 eius
726 4176 751 4216 N
761 4162 770 4232 ll
785 4162 884 4217 diaeta
895 4163 1001 4216 discant
1013 4139 1087 4234 quoll
1110 4163 1137 4216 in
1155 4176 1181 4217 N
1205 4164 1213 4233 ll
1244 4166 1259 4216 8
1287 4164 1444 4218 uiderentur
1456 4175 1481 4215 N
1491 4163 1500 4231 ll

361 4243 408 4297 ‘lsi
420 4244 580 4316 praecipuae
593 4246 644 4301 hoe
657 4266 765 4319 quoque
776 4247 826 4317 Nl}
854 4250 884 4299 12
903 4247 1100 4317 inmaginemlr
1118 4249 1126 4318 ll
1151 4251 1178 4299 ll
1207 4256 1290 4321 utque
1310 4250 1337 4301 in
1355 4255 1439 4301 semet
1455 4247 1500 4316 ΝΗ

365 4331 392 4380 16
404 4347 487 4383 unum
501 4349 543 4383 om
555 4343 581 4383 Ν
597 4325 616 4404 li
624 4323 658 4385 '15
677 4333 811 4403 quendam
824 4333 951 4386 iuuentae
964 4331 1057 4386 florem
1074 4346 1099 4385 N
1120 4336 1128 4405 ll
1153 4338 1182 4385 lll
1201 4342 1328 4405 quattuor
1340 4333 1439 4403 gradus
1452 4349 1512 4402 pro·

363 4427 499 4485 cessosque
512 4414 571 4469 eius
584 4416 705 4472 inueniet
716 4430 740 4471 N
763 4419 771 4490 ll
797 4418 882 4490 prima
894 4430 933 4470 N:
958 4435 1049 4470 romae
1060 4431 1080 4470 B
1093 4418 1101 4488 ll
1121 4436 1135 4470 e
1148 4426 1275 4489 quattuor
1287 4418 1415 4488 gradibus
1427 4418 1512 4488 prima

363 4495 534 4568 Nippcrdeiua
554 4500 563 4570 ll
577 4505 609 4554 20
623 4517 674 4556 cen
688 4502 738 4556 edd
751 4508 823 4557 uctt:
837 4501 1050 4573 quadringentos
1062 4516 1089 4567 Β,
1105 4517 1174 4557 cccc
1186 4516 1209 4557 N
1222 4504 1230 4572 ll
1243 4504 1343 4557 circum
1355 4503 1440 4573 ipsam
1453 4521 1514 4556 cum

366 4577 440 4648 ipram
452 4602 516 4640 eum
529 4585 650 4641 finitimis
668 4600 693 4640 N
710 4587 718 4656 ll
742 4592 772 4640 21
796 4588 893 4642 obruto
912 4603 931 4642 a
951 4589 960 4657 ll
980 4592 1012 4641 23
1026 4603 1078 4643 cen
1093 4609 1126 4651 3:
1147 4596 1255 4642 centum
1275 4588 1512 4659 quinquagintula,

367 4675 393 4717 cu
403 4680 433 4722 N.
447 4671 456 4740 ll
