3809 5534
672 624 820 670 armona
835 624 861 681 1,
878 618 910 668 44
930 604 997 690 [1113
1016 604 1073 689 10].
1414 606 1453 667 73

320 773 452 837 Oceanus.
488 794 632 836 reuersus
654 772 753 856 igitur
775 774 810 837 in
833 773 994 850 Galliam,
1022 775 1122 838 classe
1142 774 1260 837 maiore
1288 775 1452 858 auctisque

321 878 396 959 copiis
409 878 445 940 in
465 880 606 941 eundem
621 901 728 942 rursus
744 880 910 943 Oceanum
932 882 1122 962 eosdemque
1142 902 1250 943 rursus
1266 880 1448 943 Britannos.

248 1029 249 1033 ,
323 984 478 1047 Caledonas
495 994 622 1046 secutus
637 983 672 1045 in
687 983 785 1047 siluas
800 1007 902 1047 unum
917 1007 1042 1068 quoque
1058 1007 1099 1048 ex
1113 986 1240 1067 regibus
1253 985 1451 1048 Cassiuelani

248 1118 250 1127 ·
322 1085 457 1151 inuincla
471 1089 571 1151 dedit.
596 1098 765 1151 contentus
780 1089 831 1152 his
848 1093 927 1171 (non
942 1090 1028 1152 eninr
1044 1091 1240 1173 prouinciae,
1258 1093 1314 1154 sed
1328 1090 1452 1153 nomini

248 1210 251 1241 ³
299 1194 503 1277 trudebatur)
526 1216 601 1257 curn
623 1193 741 1257 maiore
762 1216 858 1277 quam
880 1196 967 1278 prius
989 1198 1107 1278 praeda
1121 1207 1267 1259 reuectus
1283 1206 1349 1270 est,
1381 1195 1451 1279 ipso

248 1321 251 1349 ³
321 1319 422 1382 quoque
438 1301 570 1363 Oceano
585 1300 757 1384 tranquillo
778 1300 880 1384 magis
903 1312 935 1363 et
957 1300 1112 1384 propitio,
1141 1301 1231 1383 quasi
1253 1301 1407 1383 imparem
1421 1300 1451 1363 ei

248 1419 250 1440 ³
319 1425 341 1467 se
352 1406 510 1468 fateretur.

382 1510 448 1573 Sed
469 1510 611 1572 maxima
631 1509 776 1573 omnium
798 1512 972 1594 eademque
993 1509 1170 1574 nouissima
1190 1508 1367 1574 coniuratio
1388 1510 1450 1573 fuit

315 1614 478 1678 Gallianum
500 1616 695 1679 communis:
720 1617 838 1700 pariter
859 1618 1021 1680 Aruernos
1042 1626 1136 1700 atqua
1158 1616 1340 1698 iliturigaS,
1373 1616 1449 1678 Car·

283 1725 301 1777 11
313 1730 390 1784 nutas
407 1721 506 1783 simul
521 1720 749 1803 Sequanosque
764 1722 934 1785 contraxit.
959 1722 1012 1784 hic
1027 1744 1155 1805 corpore
1168 1721 1262 1784 armis
1275 1721 1450 1804 spirituque

248 1843 250 1850 '
312 1826 460 1901 terribilis,
478 1826 609 1889 nomine
625 1827 723 1889 etiarn
739 1828 829 1910 quasi
845 1829 885 1890 ad
901 1838 1052 1891 terrorem
1068 1828 1252 1911 conposito,
1277 1826 1450 1909 Vercinge-

309 1933 379 1995 torix
394 1932 451 1995 ille
466 1931 557 1994 festis
579 1931 690 1996 diebus
714 1942 745 1995 et
766 1933 1006 2008 conciliabulis,
1028 1955 1102 1997 eum
1122 1932 1394 2016 frequentissimos
1413 1930 1450 1993 in

305 2036 375 2103 lueis
391 2038 544 2113 haberet,
569 2037 726 2101 ferocibus
741 2038 835 2101 dictis
851 2039 891 2100 ad
912 2037 962 2100 ius
977 2037 1148 2120 pristinum
1162 2038 1318 2101 libertatis
1334 2037 1446 2100 erexit.

304 2144 404 2207 aberat
420 2155 498 2207 tunc
515 2145 633 2207 Caesar
646 2145 824 2207 Rauennae
845 2143 1000 2205 dilectum
1020 2164 1135 2225 agens,
1162 2152 1194 2205 et
1215 2142 1321 2204 hieme
1343 2163 1449 2203 creue-

266 2251 288 2306 11
302 2260 367 2312 rant
390 2251 509 2332 Alpes:
536 2248 581 2311 sic
603 2248 814 2312 interclusum
835 2248 993 2331 putabant
1014 2247 1166 2311 itcr.'sed
1186 2248 1241 2309 ille
1264 2246 1366 2330 qualis
1382 2257 1450 2308 erat

301 2356 335 2417 ad
348 2355 507 2418 nuntium
523 2354 567 2417 rei
582 2353 784 2418 felicissimae
800 2352 989 2417 temeritatis
1010 2375 1066 2435 per
1086 2352 1193 2415 inuios
1214 2355 1254 2415 ad
1274 2353 1307 2415 id
1322 2363 1449 2434 tempus

298 2460 456 2523 montium
471 2460 632 2535 tumulos,
660 2481 718 2542 per
739 2460 876 2521 intactas
897 2458 967 2520 uias
990 2468 1021 2520 et
1042 2458 1153 2535 niues,
1182 2458 1331 2541 expedita
1350 2480 1450 2519 manu

299 2587 445 2630 emensus
461 2564 616 2641 Galliam,
633 2574 666 2628 et
680 2586 721 2627 ex
736 2563 930 2627 distantibus
945 2563 1088 2626 hibernis
1103 2574 1206 2627 castra
1222 2563 1401 2638 contraxit,
1418 2573 1451 2624 et

297 2682 367 2734 ante
384 2671 421 2733 in
436 2670 543 2732 media
559 2669 667 2733 Gallia
682 2669 760 2745 fuit,
785 2690 882 2752 quarn
904 2670 943 2730 ab
960 2668 1073 2730 ultima
1093 2668 1270 2730 timeretur.
1296 2679 1365 2730 tum
1380 2667 1451 2749 ipsa

255 2783 281 2838 20
297 2777 401 2860 capita
415 2775 496 2839 belli
511 2777 679 2857 adgressus
696 2776 801 2851 urbae,
818 2775 995 2839 Auaricum
1010 2773 1222 2856 quadraginta
1236 2773 1364 2835 milium
1378 2794 1449 2855 pro·

295 2881 514 2966 pugnantium
529 2878 672 2955 sustulit,
690 2880 834 2942 Alesiam
849 2882 1060 2943 ducentorum
1076 2879 1310 2963 quinquaginta
1323 2879 1452 2942 milium

296 2988 467 3052 iuuentute
483 2985 655 3048 subnixam
675 2984 813 3047 flammis
836 2985 1039 3067 adaequauit,
1069 2985 1153 3048 circa
1173 2985 1370 3069 Gergouiam
1391 2985 1451 3047 Ar·

298 3113 472 3156 uernorum
497 3100 566 3153 tota
594 3090 672 3153 belli
697 3090 797 3152 moles
823 3089 897 3152 fuit.
934 3090 1052 3173 quippe
1072 3112 1147 3153 curn
1173 3091 1337 3174 octoginta
1361 3090 1452 3153 milia

297 3220 386 3261 muro
403 3208 436 3260 et
451 3218 524 3259 arce
539 3206 571 3259 et
586 3195 731 3278 abruptis
746 3194 823 3279 ripis
839 3196 1065 3271 defenderent,
1089 3196 1265 3260 maximam
1285 3197 1452 3259 ciuitatem

256 3311 282 3363 25
297 3304 382 3366 uallo
398 3301 534 3366 sudibus
550 3311 582 3364 et
597 3301 681 3364 fossa
695 3300 890 3383 inductoque
906 3301 1007 3363 fossae
1029 3301 1180 3379 flumine,
1204 3305 1245 3365 ad
1266 3302 1327 3365 hoc
1343 3304 1452 3364 decern

298 3419 327 3472 et
347 3419 421 3472 octo
445 3406 584 3470 castellis
605 3406 793 3489 ingentique
818 3406 917 3469 lorica
942 3407 1172 3470 circumdatam
1204 3408 1343 3490 primurn
1370 3407 1453 3468 fame

299 3513 423 3576 domuit
430 3537 440 3589 3
465 3534 543 3575 mox
565 3513 737 3575 audentem
757 3511 938 3596 eruptiones
960 3511 995 3574 in
1010 3513 1096 3575 uallo
1119 3513 1236 3594 gladiis
1256 3511 1453 3591 sudibusque

301 3618 458 3693 concidit3
483 3616 659 3681 nouissime
674 3617 709 3680 in
724 3617 920 3681 deditionem
930 3600 1069 3699 redegit.
1095 3617 1163 3700 ipse
1179 3617 1233 3679 ille
1253 3638 1327 3693 rex,
1350 3615 1452 3677 maxi-

303 3909 313 3959 1
326 3907 444 3962 reuersis
455 3921 475 3963 Β
487 3907 497 3979 11
510 3913 525 3962 2
537 3910 691 3965 brittannus
705 3912 729 3976 b,
743 3911 896 3965 brittannos
907 3923 951 3964 ΒΝ
963 3910 971 3980 11
985 3914 1000 3962 3
1013 3908 1159 3962 calidoniae
1170 3921 1196 3962 N
1206 3908 1214 3979 11
1228 3914 1256 3961 et
1266 3921 1294 3975 Β,
1309 3927 1324 3964 e
1335 3923 1359 3965 N
1370 3911 1379 3980 11
1393 3912 1458 3965 Cas-

303 3993 416 4047 siuelani
433 3994 651 4048 Freinshemius:
677 3996 794 4049 casuella
816 4009 851 4061 Β,
872 3994 1017 4048 cauelianis
1034 4007 1060 4047 N
1070 3994 1107 4064 114
1123 3995 1234 4048 uincula
1250 4008 1275 4047 N
1286 3996 1294 4066 11
1307 3997 1330 4049 is
1348 3997 1456 4067 11116111

301 4094 340 4129 aaa
352 4090 378 4130 Ν
388 4078 398 4147 11
411 4082 429 4131 9
442 4080 592 4133 communis
603 4081 749 4133 Halmius:
763 4098 825 4133 curn
837 4080 924 4133 omnis
935 4091 980 4133 ΒΝ
991 4081 999 4150 11
1013 4096 1147 4132 aruennos
1158 4092 1177 4132 Β
1190 4080 1199 4151 11
1212 4079 1341 4134 bituricas
1359 4094 1378 4133 Β
1392 4082 1400 4148 11
1414 4099 1456 4133 ca·

301 4171 414 4215 muntas
427 4175 453 4217 Ν
463 4164 472 4233 11
489 4167 518 4216 10
532 4182 719 4235 seguanosque
731 4177 754 4217 Ν
767 4165 775 4235 11
788 4165 817 4217 hi
837 4182 947 4234 corpore
965 4177 1001 4228 Β,
1027 4164 1073 4217 ille
1094 4181 1204 4235 corpora
1220 4166 1265 4235 Ν1
1281 4169 1308 4218 11
1323 4164 1455 4217 terribiles

301 4264 398 4301 nornen
409 4261 429 4302 Β
442 4248 452 4320 1
466 4249 543 4318 quasi
555 4257 655 4303 terrore
668 4262 693 4301 N
703 4254 711 4319 11
725 4249 929 4320 uergingetorix
941 4260 974 4314 Β,
989 4250 1183 4319 uerginaetoris
1202 4262 1227 4303 N
1239 4249 1247 4319 11
1263 4253 1293 4301 13
1313 4249 1386 4300 luces
1399 4261 1424 4300 N
1435 4249 1443 4317 11

303 4334 332 4384 16
349 4333 522 4389 felicissimae
541 4335 699 4387 temeritatis
711 4341 776 4405 post
794 4335 881 4404 qualis
894 4341 951 4387 erat
962 4334 1055 4403 posuit
1066 4334 1281 4398 Freinshemius,
1303 4331 1457 4385 felicissima

302 4418 453 4471 temeritate
472 4417 620 4470 Salmasius
639 4418 647 4488 11
669 4423 698 4471 11
720 4426 761 4472 set
777 4420 855 4472 niues
872 4431 896 4470 N
907 4419 916 4488 11
931 4421 963 4469 18
976 4436 1101 4472 emensus
1113 4425 1228 4490 occupat
1239 4417 1347 4487 galliam
1364 4417 1456 4485 Ν1120

301 4499 379 4557 urbis
392 4502 524 4555 alaricum
535 4514 568 4567 Β,
583 4503 730 4557 aluaricum
748 4505 792 4573 Ν11
805 4503 934 4573 1111111111
948 4506 978 4554 21
994 4501 1106 4555 sustulit
1123 4502 1262 4555 deleuerim
1276 4502 1284 4571 11
1299 4504 1331 4553 22
1344 4518 1458 4572 georgo-

302 4586 371 4639 uiam
383 4587 429 4658 Ν11
443 4601 660 4641 aruenuenorum
671 4601 691 4642 Β
704 4590 712 4660 11
726 4592 758 4642 23
777 4606 838 4641 cum
855 4588 940 4641 milite
959 4588 1091 4657 111111οΝ11
1106 4592 1138 4640 24
1151 4586 1273 4655 apruptis
1285 4597 1304 4638 Β
1317 4586 1325 4656 11
1339 4585 1404 4655 ripis
1417 4605 1459 4639 om

302 4681 326 4720 N
336 4670 344 4738 11
358 4675 390 4724 26
411 4670 604 4740 intentiqua·B
617 4672 625 4742 11
640 4672 804 4726 circumdata
823 4687 841 4725 Β
854 4674 863 4742 11
877 4677 907 4726 21
927 4672 1026 4742 gladiis
1043 4691 1085 4724 om
1096 4686 1116 4725 Β
1129 4672 1137 4742 11
