<?xml version="1.0" encoding="UTF-8"?>
<!DOCTYPE html PUBLIC "-//W3C//DTD XHTML 1.0 Transitional//EN"
    "http://www.w3.org/TR/xhtml1/DTD/xhtml1-transitional.dtd">
<html xmlns="http://www.w3.org/1999/xhtml" xml:lang="en" lang="en">
 <head>
  <title>
</title>
<meta http-equiv="Content-Type" content="text/html;charset=utf-8" />
  <meta name='ocr-system' content='tesseract 3.04.00' />
  <meta name='ocr-capabilities' content='ocr_page ocr_carea ocr_par ocr_line ocrx_word'/>
</head>
<body>
  <div class='ocr_page' id='page_1' title='image "./iulifloriepitom00florgoog_0112.png"; bbox 0 0 3809 5534; ppageno 0'>
   <div class='ocr_carea' id='block_1_1' title="bbox 366 600 1037 665">
    <p class='ocr_par' dir='ltr' id='par_1_1' title="bbox 366 600 1037 665">
     <span class='ocr_line' id='line_1_1' title="bbox 366 600 1037 665; baseline 0.01 -7"><span class='ocrx_word' id='word_1_1' title='bbox 366 600 404 659; x_wconf 85' lang='grc'><strong>54</strong></span> <span class='ocrx_word' id='word_1_2' title='bbox 852 621 922 664; x_wconf 81' lang='lat' dir='ltr'>1vn1</span> <span class='ocrx_word' id='word_1_3' title='bbox 940 620 1037 665; x_wconf 74' lang='lat' dir='ltr'><strong>suoru</strong></span> 
     </span>
    </p>
   </div>
   <div class='ocr_carea' id='block_1_2' title="bbox 257 766 1573 3816">
    <p class='ocr_par' dir='ltr' id='par_1_2' title="bbox 362 766 1533 1065">
     <span class='ocr_line' id='line_1_2' title="bbox 363 766 1531 853; baseline 0.003 -22"><span class='ocrx_word' id='word_1_4' title='bbox 363 790 435 832; x_wconf 91' lang='lat' dir='ltr'><strong>rum</strong></span> <span class='ocrx_word' id='word_1_5' title='bbox 462 779 494 831; x_wconf 88' lang='lat' dir='ltr'><strong>et</strong></span> <span class='ocrx_word' id='word_1_6' title='bbox 519 766 677 850; x_wconf 89' lang='lat' dir='ltr'><strong>praesidia</strong></span> <span class='ocrx_word' id='word_1_7' title='bbox 703 768 890 850; x_wconf 86' lang='lat' dir='ltr'><strong>adgressus,</strong></span> <span class='ocrx_word' id='word_1_8' title='bbox 926 770 1101 834; x_wconf 87' lang='lat' dir='ltr'><strong>Claudium</strong></span> <span class='ocrx_word' id='word_1_9' title='bbox 1125 770 1327 834; x_wconf 83' lang='lat' dir='ltr'><strong>Vnimanum</strong></span> <span class='ocrx_word' id='word_1_10' title='bbox 1352 790 1461 853; x_wconf 86' lang='lat' dir='ltr'><strong>paene</strong></span> <span class='ocrx_word' id='word_1_11' title='bbox 1491 773 1531 835; x_wconf 90' lang='lat' dir='ltr'><strong>ad</strong></span> 
     </span>
     <span class='ocr_line' id='line_1_3' title="bbox 363 873 1532 959; baseline 0.004 -23"><span class='ocrx_word' id='word_1_12' title='bbox 363 873 615 937; x_wconf 83' lang='lat' dir='ltr'>internecionem</span> <span class='ocrx_word' id='word_1_13' title='bbox 641 873 799 938; x_wconf 84' lang='lat' dir='ltr'><strong>exercitus</strong></span> <span class='ocrx_word' id='word_1_14' title='bbox 825 876 941 939; x_wconf 88' lang='lat' dir='ltr'><strong>cecidit</strong></span> <span class='ocrx_word' id='word_1_15' title='bbox 967 887 999 939; x_wconf 92' lang='lat' dir='ltr'><strong>et</strong></span> <span class='ocrx_word' id='word_1_16' title='bbox 1025 876 1166 959; x_wconf 86' lang='lat' dir='ltr'><strong>insignia</strong></span> <span class='ocrx_word' id='word_1_17' title='bbox 1190 876 1309 939; x_wconf 79' lang='lat' dir='ltr'><strong>trabeis</strong></span> <span class='ocrx_word' id='word_1_18' title='bbox 1330 886 1363 938; x_wconf 89' lang='lat' dir='ltr'><strong>et</strong></span> <span class='ocrx_word' id='word_1_19' title='bbox 1386 876 1532 941; x_wconf 79' lang='lat' dir='ltr'><strong>fascibus</strong></span> 
     </span>
     <span class='ocr_line' id='line_1_4' title="bbox 362 979 1533 1065; baseline 0.003 -23"><span class='ocrx_word' id='word_1_20' title='bbox 362 980 478 1043; x_wconf 88' lang='lat' dir='ltr'><strong>nostris</strong></span> <span class='ocrx_word' id='word_1_21' title='bbox 495 1001 576 1062; x_wconf 91' lang='lat' dir='ltr'><strong>quae</strong></span> <span class='ocrx_word' id='word_1_22' title='bbox 591 990 717 1062; x_wconf 84' lang='lat' dir='ltr'><strong>ceperat</strong></span> <span class='ocrx_word' id='word_1_23' title='bbox 732 979 767 1041; x_wconf 92' lang='lat' dir='ltr'><strong>in</strong></span> <span class='ocrx_word' id='word_1_24' title='bbox 788 980 952 1044; x_wconf 90' lang='lat' dir='ltr'><strong>montibus</strong></span> <span class='ocrx_word' id='word_1_25' title='bbox 968 982 1035 1046; x_wconf 90' lang='lat' dir='ltr'><strong>suis</strong></span> <span class='ocrx_word' id='word_1_26' title='bbox 1052 993 1181 1065; x_wconf 88' lang='lat' dir='ltr'><strong>tropaea</strong></span> <span class='ocrx_word' id='word_1_27' title='bbox 1194 982 1278 1045; x_wconf 84' lang='lat' dir='ltr'><strong>fixit.</strong></span> <span class='ocrx_word' id='word_1_28' title='bbox 1303 983 1440 1045; x_wconf 90' lang='lat' dir='ltr'><strong>tandem</strong></span> <span class='ocrx_word' id='word_1_29' title='bbox 1456 1004 1533 1046; x_wconf 90' lang='lat' dir='ltr'><strong>eum</strong></span> 
     </span>
    </p>

    <p class='ocr_par' dir='ltr' id='par_1_3' title="bbox 341 1085 1564 1593">
     <span class='ocr_line' id='line_1_5' title="bbox 341 1085 1532 1171; baseline 0.003 -23"><span class='ocrx_word' id='word_1_30' title='bbox 341 1087 345 1094; x_wconf 83' lang='grc'><em>’</em></span> <span class='ocrx_word' id='word_1_31' title='bbox 362 1086 428 1148; x_wconf 89' lang='lat' dir='ltr'><strong>iam</strong></span> <span class='ocrx_word' id='word_1_32' title='bbox 439 1085 558 1148; x_wconf 84' lang='lat' dir='ltr'><strong>Fabius</strong></span> <span class='ocrx_word' id='word_1_33' title='bbox 574 1086 737 1148; x_wconf 80' lang='lat' dir='ltr'><strong>Maximus</strong></span> <span class='ocrx_word' id='word_1_34' title='bbox 750 1086 863 1149; x_wconf 92' lang='lat' dir='ltr'><strong>consul</strong></span> <span class='ocrx_word' id='word_1_35' title='bbox 875 1098 1092 1169; x_wconf 83' lang='lat' dir='ltr'><strong>oppresserat3</strong></span> <span class='ocrx_word' id='word_1_36' title='bbox 1111 1090 1194 1151; x_wconf 87' lang='lat' dir='ltr'><strong>seda</strong></span> <span class='ocrx_word' id='word_1_37' title='bbox 1204 1109 1386 1151; x_wconf 80' lang='lat' dir='ltr'><strong>successore</strong></span> <span class='ocrx_word' id='word_1_38' title='bbox 1399 1088 1532 1171; x_wconf 90' lang='lat' dir='ltr'><strong>Popilio</strong></span> 
     </span>
     <span class='ocr_line' id='line_1_6' title="bbox 363 1190 1564 1277; baseline 0.004 -24"><span class='ocrx_word' id='word_1_39' title='bbox 363 1191 485 1254; x_wconf 87' lang='lat' dir='ltr'><strong>uiolata</strong></span> <span class='ocrx_word' id='word_1_40' title='bbox 499 1190 634 1254; x_wconf 89' lang='lat' dir='ltr'><strong>uictoria</strong></span> <span class='ocrx_word' id='word_1_41' title='bbox 650 1202 709 1255; x_wconf 90' lang='lat' dir='ltr'><strong>est.</strong></span> <span class='ocrx_word' id='word_1_42' title='bbox 731 1190 849 1274; x_wconf 92' lang='lat' dir='ltr'><strong>quippe</strong></span> <span class='ocrx_word' id='word_1_43' title='bbox 863 1192 919 1274; x_wconf 93' lang='lat' dir='ltr'><strong>qui</strong></span> <span class='ocrx_word' id='word_1_44' title='bbox 931 1193 1150 1258; x_wconf 88' lang='lat' dir='ltr'><strong>conficiendae</strong></span> <span class='ocrx_word' id='word_1_45' title='bbox 1164 1194 1210 1257; x_wconf 91' lang='lat' dir='ltr'><strong>rei</strong></span> <span class='ocrx_word' id='word_1_46' title='bbox 1225 1194 1376 1277; x_wconf 91' lang='lat' dir='ltr'><strong>cupidus,</strong></span> <span class='ocrx_word' id='word_1_47' title='bbox 1390 1195 1534 1258; x_wconf 83' lang='lat' dir='ltr'><strong>fractrnn</strong></span> <span class='ocrx_word' id='word_1_48' title='bbox 1549 1208 1564 1258; x_wconf 78' lang='lat'><strong>⁵</strong></span> 
     </span>
     <span class='ocr_line' id='line_1_7' title="bbox 362 1297 1532 1383; baseline 0.004 -24"><span class='ocrx_word' id='word_1_49' title='bbox 362 1298 477 1359; x_wconf 88' lang='lat' dir='ltr'><strong>ducem</strong></span> <span class='ocrx_word' id='word_1_50' title='bbox 492 1307 524 1359; x_wconf 90' lang='lat' dir='ltr'><strong>et</strong></span> <span class='ocrx_word' id='word_1_51' title='bbox 540 1306 683 1360; x_wconf 86' lang='lat' dir='ltr'><strong>extrema</strong></span> <span class='ocrx_word' id='word_1_52' title='bbox 696 1297 869 1361; x_wconf 85' lang='lat' dir='ltr'><strong>deditionis</strong></span> <span class='ocrx_word' id='word_1_53' title='bbox 892 1299 1070 1381; x_wconf 76' lang='lat' dir='ltr'><strong>agitantem</strong></span> <span class='ocrx_word' id='word_1_54' title='bbox 1092 1322 1148 1383; x_wconf 89' lang='lat' dir='ltr'><strong>per</strong></span> <span class='ocrx_word' id='word_1_55' title='bbox 1168 1301 1315 1363; x_wconf 87' lang='lat' dir='ltr'><strong>fraudem</strong></span> <span class='ocrx_word' id='word_1_56' title='bbox 1336 1311 1370 1363; x_wconf 93' lang='lat' dir='ltr'><strong>et</strong></span> <span class='ocrx_word' id='word_1_57' title='bbox 1393 1300 1532 1365; x_wconf 86' lang='lat' dir='ltr'><strong>insidias</strong></span> 
     </span>
     <span class='ocr_line' id='line_1_8' title="bbox 362 1402 1532 1489; baseline 0.004 -24"><span class='ocrx_word' id='word_1_58' title='bbox 362 1413 394 1465; x_wconf 91' lang='lat' dir='ltr'><strong>et</strong></span> <span class='ocrx_word' id='word_1_59' title='bbox 410 1402 599 1466; x_wconf 90' lang='lat' dir='ltr'><strong>domesticos</strong></span> <span class='ocrx_word' id='word_1_60' title='bbox 615 1424 813 1485; x_wconf 86' lang='lat' dir='ltr'><strong>percussores</strong></span> <span class='ocrx_word' id='word_1_61' title='bbox 829 1405 1016 1486; x_wconf 90' lang='lat' dir='ltr'><strong>adgressus,</strong></span> <span class='ocrx_word' id='word_1_62' title='bbox 1034 1406 1117 1469; x_wconf 89' lang='lat' dir='ltr'><strong>hanc</strong></span> <span class='ocrx_word' id='word_1_63' title='bbox 1132 1406 1219 1470; x_wconf 89' lang='lat' dir='ltr'><strong>hosti</strong></span> <span class='ocrx_word' id='word_1_64' title='bbox 1232 1406 1370 1489; x_wconf 86' lang='lat' dir='ltr'><strong>gloriam</strong></span> <span class='ocrx_word' id='word_1_65' title='bbox 1386 1406 1481 1470; x_wconf 89' lang='lat' dir='ltr'><strong>dedit</strong></span> <span class='ocrx_word' id='word_1_66' title='bbox 1495 1419 1532 1470; x_wconf 90' lang='lat' dir='ltr'><strong>ut</strong></span> 
     </span>
     <span class='ocr_line' id='line_1_9' title="bbox 363 1508 936 1593; baseline 0.002 -22"><span class='ocrx_word' id='word_1_67' title='bbox 363 1508 524 1571; x_wconf 89' lang='lat' dir='ltr'><strong>uideretur</strong></span> <span class='ocrx_word' id='word_1_68' title='bbox 540 1509 632 1572; x_wconf 89' lang='lat' dir='ltr'><strong>aliter</strong></span> <span class='ocrx_word' id='word_1_69' title='bbox 647 1509 735 1572; x_wconf 92' lang='lat' dir='ltr'><strong>uinci</strong></span> <span class='ocrx_word' id='word_1_70' title='bbox 751 1532 816 1572; x_wconf 91' lang='lat' dir='ltr'><strong>uon</strong></span> <span class='ocrx_word' id='word_1_71' title='bbox 831 1532 936 1593; x_wconf 92' lang='lat' dir='ltr'><strong>posse.</strong></span> 
     </span>
    </p>

    <p class='ocr_par' dir='ltr' id='par_1_4' title="bbox 257 1605 1573 2443">
     <span class='ocr_line' id='line_1_10' title="bbox 257 1605 1531 1702; baseline 0.002 -23"><span class='ocrx_word' id='word_1_72' title='bbox 257 1605 348 1685; x_wconf 69' lang='lat'><strong>11,&#39;18</strong></span> <span class='ocrx_word' id='word_1_73' title='bbox 445 1615 626 1680; x_wconf 86' lang='lat' dir='ltr'><strong>Numantia</strong></span> <span class='ocrx_word' id='word_1_74' title='bbox 655 1627 813 1698; x_wconf 87' lang='lat' dir='ltr'><strong>quantum</strong></span> <span class='ocrx_word' id='word_1_75' title='bbox 842 1616 1048 1700; x_wconf 84' lang='lat' dir='ltr'><strong>Carthaginis</strong></span> <span class='ocrx_word' id='word_1_76' title='bbox 1078 1620 1208 1702; x_wconf 84' lang='lat' dir='ltr'><strong>Capuae</strong></span> <span class='ocrx_word' id='word_1_77' title='bbox 1236 1617 1389 1682; x_wconf 85' lang='lat' dir='ltr'><strong>Corinthi</strong></span> <span class='ocrx_word' id='word_1_78' title='bbox 1411 1618 1531 1701; x_wconf 90' lang='lat' dir='ltr'><strong>opibus</strong></span> 
     </span>
     <span class='ocr_line' id='line_1_11' title="bbox 361 1722 1573 1807; baseline 0.001 -21"><span class='ocrx_word' id='word_1_79' title='bbox 361 1723 510 1799; x_wconf 88' lang='lat' dir='ltr'><strong>inferior,</strong></span> <span class='ocrx_word' id='word_1_80' title='bbox 533 1723 580 1785; x_wconf 89' lang='lat' dir='ltr'><strong>ita</strong></span> <span class='ocrx_word' id='word_1_81' title='bbox 594 1722 725 1784; x_wconf 87' lang='lat' dir='ltr'><strong>uirtutis</strong></span> <span class='ocrx_word' id='word_1_82' title='bbox 741 1722 871 1784; x_wconf 93' lang='lat' dir='ltr'><strong>nomine</strong></span> <span class='ocrx_word' id='word_1_83' title='bbox 887 1734 919 1786; x_wconf 91' lang='lat' dir='ltr'><strong>et</strong></span> <span class='ocrx_word' id='word_1_84' title='bbox 935 1725 1057 1788; x_wconf 90' lang='lat' dir='ltr'><strong>honore</strong></span> <span class='ocrx_word' id='word_1_85' title='bbox 1072 1747 1130 1807; x_wconf 88' lang='lat' dir='ltr'><strong>par</strong></span> <span class='ocrx_word' id='word_1_86' title='bbox 1151 1724 1300 1788; x_wconf 91' lang='lat' dir='ltr'><strong>omnibus</strong></span> <span class='ocrx_word' id='word_1_87' title='bbox 1307 1771 1318 1800; x_wconf 91' lang='lat'><strong>,</strong></span> <span class='ocrx_word' id='word_1_88' title='bbox 1343 1745 1529 1789; x_wconf 90' lang='lat' dir='ltr'><strong>summum-</strong></span> <span class='ocrx_word' id='word_1_89' title='bbox 1551 1739 1573 1787; x_wconf 85' lang='lat' dir='ltr'><strong>lt</strong></span> 
     </span>
     <span class='ocr_line' id='line_1_12' title="bbox 361 1826 1527 1913; baseline 0.003 -21"><span class='ocrx_word' id='word_1_90' title='bbox 361 1852 435 1913; x_wconf 86' lang='lat' dir='ltr'><strong>que,</strong></span> <span class='ocrx_word' id='word_1_91' title='bbox 453 1829 479 1891; x_wconf 91' lang='lat' dir='ltr'><strong>si</strong></span> <span class='ocrx_word' id='word_1_92' title='bbox 495 1850 571 1890; x_wconf 90' lang='lat' dir='ltr'><strong>uero</strong></span> <span class='ocrx_word' id='word_1_93' title='bbox 587 1826 748 1902; x_wconf 89' lang='lat' dir='ltr'><strong>aestimes,</strong></span> <span class='ocrx_word' id='word_1_94' title='bbox 765 1828 945 1911; x_wconf 89' lang='lat' dir='ltr'><strong>Hispaniae</strong></span> <span class='ocrx_word' id='word_1_95' title='bbox 962 1833 1069 1893; x_wconf 91' lang='lat' dir='ltr'><strong>decus.</strong></span> <span class='ocrx_word' id='word_1_96' title='bbox 1095 1830 1214 1913; x_wconf 87' lang='lat' dir='ltr'><strong>quippe</strong></span> <span class='ocrx_word' id='word_1_97' title='bbox 1229 1851 1311 1913; x_wconf 91' lang='lat' dir='ltr'><strong>quae</strong></span> <span class='ocrx_word' id='word_1_98' title='bbox 1329 1827 1527 1908; x_wconf 87' lang='lat' dir='ltr'><strong>sinemuro,</strong></span> 
     </span>
     <span class='ocr_line' id='line_1_13' title="bbox 361 1933 1527 2020; baseline 0.003 -23"><span class='ocrx_word' id='word_1_99' title='bbox 361 1935 430 1998; x_wconf 90' lang='lat' dir='ltr'><strong>sinc</strong></span> <span class='ocrx_word' id='word_1_100' title='bbox 446 1934 599 2009; x_wconf 77' lang='lat' dir='ltr'><strong>turribuS,</strong></span> <span class='ocrx_word' id='word_1_101' title='bbox 624 1933 748 1996; x_wconf 90' lang='lat' dir='ltr'><strong>modice</strong></span> <span class='ocrx_word' id='word_1_102' title='bbox 770 1934 856 1998; x_wconf 90' lang='lat' dir='ltr'><strong>edito</strong></span> <span class='ocrx_word' id='word_1_103' title='bbox 878 1935 914 1997; x_wconf 92' lang='lat' dir='ltr'><strong>in</strong></span> <span class='ocrx_word' id='word_1_104' title='bbox 934 1937 1061 2000; x_wconf 92' lang='lat' dir='ltr'><strong>tumulo</strong></span> <span class='ocrx_word' id='word_1_105' title='bbox 1083 1948 1161 2019; x_wconf 90' lang='lat' dir='ltr'><strong>aput</strong></span> <span class='ocrx_word' id='word_1_106' title='bbox 1187 1936 1310 1998; x_wconf 89' lang='lat' dir='ltr'><strong>flumen</strong></span> <span class='ocrx_word' id='word_1_107' title='bbox 1332 1934 1408 2012; x_wconf 87' lang='lat' dir='ltr'><strong>sita,</strong></span> <span class='ocrx_word' id='word_1_108' title='bbox 1435 1948 1527 2020; x_wconf 77' lang='lat' dir='ltr'><strong>quat</strong></span> 
     </span>
     <span class='ocr_line' id='line_1_14' title="bbox 361 2040 1527 2125; baseline 0.003 -22"><span class='ocrx_word' id='word_1_109' title='bbox 361 2052 433 2104; x_wconf 90' lang='lat' dir='ltr'><strong>tuor</strong></span> <span class='ocrx_word' id='word_1_110' title='bbox 453 2040 583 2104; x_wconf 90' lang='lat' dir='ltr'><strong>milibus</strong></span> <span class='ocrx_word' id='word_1_111' title='bbox 600 2040 834 2103; x_wconf 86' lang='lat' dir='ltr'><strong>Celtiberorum</strong></span> <span class='ocrx_word' id='word_1_112' title='bbox 849 2042 1062 2125; x_wconf 84' lang='lat' dir='ltr'><strong>quadraginta</strong></span> <span class='ocrx_word' id='word_1_113' title='bbox 1077 2042 1252 2105; x_wconf 85' lang='lat' dir='ltr'><strong>exereitum</strong></span> <span class='ocrx_word' id='word_1_114' title='bbox 1266 2064 1324 2124; x_wconf 92' lang='lat' dir='ltr'><strong>per</strong></span> <span class='ocrx_word' id='word_1_115' title='bbox 1339 2063 1444 2105; x_wconf 87' lang='lat' dir='ltr'><strong>annos</strong></span> <span class='ocrx_word' id='word_1_116' title='bbox 1468 2065 1527 2106; x_wconf 91' lang='lat' dir='ltr'><strong>un·</strong></span> 
     </span>
     <span class='ocr_line' id='line_1_15' title="bbox 362 2146 1526 2230; baseline 0.001 -20"><span class='ocrx_word' id='word_1_117' title='bbox 362 2148 466 2210; x_wconf 91' lang='lat' dir='ltr'><strong>decim</strong></span> <span class='ocrx_word' id='word_1_118' title='bbox 484 2149 552 2210; x_wconf 89' lang='lat' dir='ltr'><strong>sola</strong></span> <span class='ocrx_word' id='word_1_119' title='bbox 574 2146 746 2222; x_wconf 83' lang='lat' dir='ltr'><strong>sustinuit,</strong></span> <span class='ocrx_word' id='word_1_120' title='bbox 762 2169 822 2209; x_wconf 90' lang='lat' dir='ltr'><strong>nec</strong></span> <span class='ocrx_word' id='word_1_121' title='bbox 838 2148 994 2211; x_wconf 84' lang='lat' dir='ltr'><strong>sustinuit</strong></span> <span class='ocrx_word' id='word_1_122' title='bbox 1012 2150 1120 2224; x_wconf 91' lang='lat' dir='ltr'><strong>modo,</strong></span> <span class='ocrx_word' id='word_1_123' title='bbox 1138 2151 1194 2211; x_wconf 89' lang='lat' dir='ltr'><strong>sed</strong></span> <span class='ocrx_word' id='word_1_124' title='bbox 1214 2146 1342 2211; x_wconf 80' lang='lat' dir='ltr'><strong>saeuius</strong></span> <span class='ocrx_word' id='word_1_125' title='bbox 1358 2146 1526 2230; x_wconf 87' lang='lat' dir='ltr'><strong>aliquanto</strong></span> 
     </span>
     <span class='ocr_line' id='line_1_16' title="bbox 361 2251 1571 2336; baseline 0.001 -21"><span class='ocrx_word' id='word_1_126' title='bbox 361 2253 498 2336; x_wconf 90' lang='lat' dir='ltr'><strong>perculit</strong></span> <span class='ocrx_word' id='word_1_127' title='bbox 512 2251 736 2335; x_wconf 84' lang='lat' dir='ltr'><strong>pudendisque</strong></span> <span class='ocrx_word' id='word_1_128' title='bbox 750 2253 930 2317; x_wconf 87' lang='lat' dir='ltr'><strong>foederibus</strong></span> <span class='ocrx_word' id='word_1_129' title='bbox 947 2255 1075 2317; x_wconf 79' lang='lat' dir='ltr'><strong>adfecit.</strong></span> <span class='ocrx_word' id='word_1_130' title='bbox 1101 2252 1294 2329; x_wconf 89' lang='lat' dir='ltr'><strong>nouissime,</strong></span> <span class='ocrx_word' id='word_1_131' title='bbox 1323 2276 1400 2316; x_wconf 91' lang='lat' dir='ltr'><strong>cum</strong></span> <span class='ocrx_word' id='word_1_132' title='bbox 1421 2253 1527 2322; x_wconf 63' lang='lat' dir='ltr'><strong>inuicz</strong></span> <span class='ocrx_word' id='word_1_133' title='bbox 1544 2266 1571 2317; x_wconf 81' lang='lat'><strong>15</strong></span> 
     </span>
     <span class='ocr_line' id='line_1_17' title="bbox 362 2359 1426 2443; baseline -0.001 -22"><span class='ocrx_word' id='word_1_134' title='bbox 362 2372 428 2421; x_wconf 91' lang='lat' dir='ltr'><strong>tarn</strong></span> <span class='ocrx_word' id='word_1_135' title='bbox 444 2381 512 2422; x_wconf 90' lang='lat' dir='ltr'><strong>esse</strong></span> <span class='ocrx_word' id='word_1_136' title='bbox 528 2368 699 2433; x_wconf 86' lang='lat' dir='ltr'><strong>constaret,</strong></span> <span class='ocrx_word' id='word_1_137' title='bbox 717 2380 796 2441; x_wconf 92' lang='lat' dir='ltr'><strong>opus</strong></span> <span class='ocrx_word' id='word_1_138' title='bbox 811 2360 873 2422; x_wconf 87' lang='lat' dir='ltr'><strong>fuit</strong></span> <span class='ocrx_word' id='word_1_139' title='bbox 889 2383 925 2423; x_wconf 90' lang='lat' dir='ltr'><strong>eo</strong></span> <span class='ocrx_word' id='word_1_140' title='bbox 941 2361 997 2443; x_wconf 93' lang='lat' dir='ltr'><strong>qui</strong></span> <span class='ocrx_word' id='word_1_141' title='bbox 1009 2359 1239 2441; x_wconf 83' lang='lat' dir='ltr'><strong>Carthaginem</strong></span> <span class='ocrx_word' id='word_1_142' title='bbox 1254 2369 1426 2422; x_wconf 85' lang='lat' dir='ltr'><strong>auerterat.</strong></span> 
     </span>
    </p>

    <p class='ocr_par' dir='ltr' id='par_1_5' title="bbox 359 2463 1554 3816">
     <span class='ocr_line' id='line_1_18' title="bbox 447 2463 1521 2543; baseline 0.003 -17"><span class='ocrx_word' id='word_1_143' title='bbox 447 2465 524 2526; x_wconf 89' lang='lat' dir='ltr'><strong>Non</strong></span> <span class='ocrx_word' id='word_1_144' title='bbox 539 2474 676 2539; x_wconf 91' lang='lat' dir='ltr'><strong>temere,</strong></span> <span class='ocrx_word' id='word_1_145' title='bbox 694 2463 721 2526; x_wconf 90' lang='lat' dir='ltr'><strong>si</strong></span> <span class='ocrx_word' id='word_1_146' title='bbox 736 2463 828 2528; x_wconf 87' lang='lat' dir='ltr'><strong>fateri</strong></span> <span class='ocrx_word' id='word_1_147' title='bbox 843 2466 939 2543; x_wconf 87' lang='lat' dir='ltr'><strong>licet,</strong></span> <span class='ocrx_word' id='word_1_148' title='bbox 957 2466 1056 2530; x_wconf 91' lang='lat' dir='ltr'><strong>ullius</strong></span> <span class='ocrx_word' id='word_1_149' title='bbox 1072 2486 1170 2528; x_wconf 89' lang='lat' dir='ltr'><strong>causa</strong></span> <span class='ocrx_word' id='word_1_150' title='bbox 1183 2463 1262 2526; x_wconf 88' lang='lat' dir='ltr'><strong>belli</strong></span> <span class='ocrx_word' id='word_1_151' title='bbox 1276 2463 1442 2528; x_wconf 89' lang='lat' dir='ltr'><strong>iniustior.</strong></span> <span class='ocrx_word' id='word_1_152' title='bbox 1469 2466 1521 2529; x_wconf 86' lang='lat' dir='ltr'><strong>Se·</strong></span> 
     </span>
     <span class='ocr_line' id='line_1_19' title="bbox 362 2569 1520 2655; baseline 0.004 -24"><span class='ocrx_word' id='word_1_153' title='bbox 362 2570 529 2653; x_wconf 87' lang='lat' dir='ltr'><strong>gidenses‚</strong></span> <span class='ocrx_word' id='word_1_154' title='bbox 555 2569 655 2633; x_wconf 88' lang='lat' dir='ltr'><strong>socios</strong></span> <span class='ocrx_word' id='word_1_155' title='bbox 679 2581 711 2633; x_wconf 89' lang='lat' dir='ltr'><strong>et</strong></span> <span class='ocrx_word' id='word_1_156' title='bbox 726 2573 983 2655; x_wconf 88' lang='lat' dir='ltr'><strong>consanguineos</strong></span> <span class='ocrx_word' id='word_1_157' title='bbox 1005 2593 1103 2647; x_wconf 89' lang='lat' dir='ltr'><strong>suos,</strong></span> <span class='ocrx_word' id='word_1_158' title='bbox 1127 2572 1348 2633; x_wconf 88' lang='lat' dir='ltr'><strong>Romanorum</strong></span> <span class='ocrx_word' id='word_1_159' title='bbox 1372 2572 1520 2635; x_wconf 86' lang='lat' dir='ltr'><strong>manibus</strong></span> 
     </span>
     <span class='ocr_line' id='line_1_20' title="bbox 362 2675 1519 2760; baseline 0.001 -21"><span class='ocrx_word' id='word_1_160' title='bbox 362 2677 501 2758; x_wconf 86' lang='lat' dir='ltr'><strong>elapsos,</strong></span> <span class='ocrx_word' id='word_1_161' title='bbox 518 2685 734 2758; x_wconf 85' lang='lat' dir='ltr'><strong>susceperant.</strong></span> <span class='ocrx_word' id='word_1_162' title='bbox 749 2676 862 2740; x_wconf 90' lang='lat' dir='ltr'><strong>habita</strong></span> <span class='ocrx_word' id='word_1_163' title='bbox 876 2700 934 2760; x_wconf 91' lang='lat' dir='ltr'><strong>pro</strong></span> <span class='ocrx_word' id='word_1_164' title='bbox 949 2678 1001 2741; x_wconf 90' lang='lat' dir='ltr'><strong>his</strong></span> <span class='ocrx_word' id='word_1_165' title='bbox 1016 2675 1198 2759; x_wconf 89' lang='lat' dir='ltr'><strong>deprecatio</strong></span> <span class='ocrx_word' id='word_1_166' title='bbox 1212 2675 1298 2739; x_wconf 93' lang='lat' dir='ltr'><strong>nihil</strong></span> <span class='ocrx_word' id='word_1_167' title='bbox 1312 2676 1433 2740; x_wconf 89' lang='lat' dir='ltr'><strong>ualuit.</strong></span> <span class='ocrx_word' id='word_1_168' title='bbox 1450 2700 1519 2740; x_wconf 93' lang='lat' dir='ltr'><strong>cum</strong></span> 
     </span>
     <span class='ocr_line' id='line_1_21' title="bbox 362 2761 1554 2865; baseline -0.003 -20"><span class='ocrx_word' id='word_1_169' title='bbox 362 2761 395 2845; x_wconf 81' lang='lat' dir='ltr'><strong>se</strong></span> <span class='ocrx_word' id='word_1_170' title='bbox 412 2784 451 2844; x_wconf 93' lang='lat' dir='ltr'><strong>ab</strong></span> <span class='ocrx_word' id='word_1_171' title='bbox 467 2781 556 2844; x_wconf 93' lang='lat' dir='ltr'><strong>omni</strong></span> <span class='ocrx_word' id='word_1_172' title='bbox 569 2782 728 2844; x_wconf 86' lang='lat' dir='ltr'><strong>bellorum</strong></span> <span class='ocrx_word' id='word_1_173' title='bbox 743 2783 934 2865; x_wconf 85' lang='lat' dir='ltr'><strong>contagione</strong></span> <span class='ocrx_word' id='word_1_174' title='bbox 949 2792 1165 2857; x_wconf 87' lang='lat' dir='ltr'><strong>remouerent,</strong></span> <span class='ocrx_word' id='word_1_175' title='bbox 1182 2781 1218 2844; x_wconf 94' lang='lat' dir='ltr'><strong>in</strong></span> <span class='ocrx_word' id='word_1_176' title='bbox 1232 2780 1372 2864; x_wconf 87' lang='lat' dir='ltr'><strong>legitimi</strong></span> <span class='ocrx_word' id='word_1_177' title='bbox 1386 2783 1516 2847; x_wconf 81' lang='lat' dir='ltr'><strong>foederis</strong></span> <span class='ocrx_word' id='word_1_178' title='bbox 1532 2792 1554 2842; x_wconf 80' lang='lat' dir='ltr'><strong>rt</strong></span> 
     </span>
     <span class='ocr_line' id='line_1_22' title="bbox 361 2885 1516 2972; baseline 0.002 -22"><span class='ocrx_word' id='word_1_179' title='bbox 361 2888 502 2970; x_wconf 89' lang='lat' dir='ltr'><strong>pretium</strong></span> <span class='ocrx_word' id='word_1_180' title='bbox 517 2885 596 2949; x_wconf 91' lang='lat' dir='ltr'><strong>iussi</strong></span> <span class='ocrx_word' id='word_1_181' title='bbox 613 2907 702 2948; x_wconf 89' lang='lat' dir='ltr'><strong>arma</strong></span> <span class='ocrx_word' id='word_1_182' title='bbox 716 2887 884 2970; x_wconf 90' lang='lat' dir='ltr'><strong>deponere.</strong></span> <span class='ocrx_word' id='word_1_183' title='bbox 903 2886 964 2949; x_wconf 90' lang='lat' dir='ltr'><strong>hoc</strong></span> <span class='ocrx_word' id='word_1_184' title='bbox 980 2886 1026 2949; x_wconf 91' lang='lat' dir='ltr'><strong>sic</strong></span> <span class='ocrx_word' id='word_1_185' title='bbox 1041 2910 1061 2950; x_wconf 96' lang='lat' dir='ltr'><strong>a</strong></span> <span class='ocrx_word' id='word_1_186' title='bbox 1074 2887 1217 2951; x_wconf 89' lang='lat' dir='ltr'><strong>barbaris</strong></span> <span class='ocrx_word' id='word_1_187' title='bbox 1232 2897 1415 2970; x_wconf 87' lang='lat' dir='ltr'><strong>acceptum,</strong></span> <span class='ocrx_word' id='word_1_188' title='bbox 1432 2888 1516 2972; x_wconf 89' lang='lat' dir='ltr'><strong>quasi</strong></span> 
     </span>
     <span class='ocr_line' id='line_1_23' title="bbox 362 2978 1516 3076; baseline 0.002 -22"><span class='ocrx_word' id='word_1_189' title='bbox 362 3015 479 3055; x_wconf 88' lang='lat' dir='ltr'><strong>manus</strong></span> <span class='ocrx_word' id='word_1_190' title='bbox 495 2991 746 3054; x_wconf 89' lang='lat' dir='ltr'><strong>absciderentur.</strong></span> <span class='ocrx_word' id='word_1_191' title='bbox 770 2992 881 3075; x_wconf 90' lang='lat' dir='ltr'><strong>itaque</strong></span> <span class='ocrx_word' id='word_1_192' title='bbox 903 2991 1014 3055; x_wconf 89' lang='lat' dir='ltr'><strong>statim</strong></span> <span class='ocrx_word' id='word_1_193' title='bbox 1030 2978 1237 3076; x_wconf 86' lang='lat' dir='ltr'><strong>Megarauico</strong></span> <span class='ocrx_word' id='word_1_194' title='bbox 1251 2992 1429 3057; x_wconf 85' lang='lat' dir='ltr'><strong>fortissimo</strong></span> <span class='ocrx_word' id='word_1_195' title='bbox 1444 2995 1516 3057; x_wconf 84' lang='lat' dir='ltr'><strong>duee</strong></span> 
     </span>
     <span class='ocr_line' id='line_1_24' title="bbox 361 3097 1515 3182; baseline -0.001 -22"><span class='ocrx_word' id='word_1_196' title='bbox 361 3100 402 3161; x_wconf 92' lang='lat' dir='ltr'><strong>ad</strong></span> <span class='ocrx_word' id='word_1_197' title='bbox 424 3120 512 3160; x_wconf 90' lang='lat' dir='ltr'><strong>arma</strong></span> <span class='ocrx_word' id='word_1_198' title='bbox 536 3097 693 3160; x_wconf 89' lang='lat' dir='ltr'><strong>conuersi.</strong></span> <span class='ocrx_word' id='word_1_199' title='bbox 724 3097 914 3182; x_wconf 91' lang='lat' dir='ltr'><strong>Pompeium</strong></span> <span class='ocrx_word' id='word_1_200' title='bbox 937 3099 1061 3180; x_wconf 89' lang='lat' dir='ltr'><strong>proelio</strong></span> <span class='ocrx_word' id='word_1_201' title='bbox 1083 3098 1244 3181; x_wconf 85' lang='lat' dir='ltr'><strong>adgressi,</strong></span> <span class='ocrx_word' id='word_1_202' title='bbox 1272 3098 1387 3162; x_wconf 88' lang='lat' dir='ltr'><strong>foedus</strong></span> <span class='ocrx_word' id='word_1_203' title='bbox 1414 3110 1515 3162; x_wconf 88' lang='lat' dir='ltr'><strong>tamen</strong></span> 
     </span>
     <span class='ocr_line' id='line_1_25' title="bbox 361 3202 1514 3286; baseline 0 -20"><span class='ocrx_word' id='word_1_204' title='bbox 361 3205 565 3279; x_wconf 87' lang='lat' dir='ltr'><strong>maluerunt,</strong></span> <span class='ocrx_word' id='word_1_205' title='bbox 582 3225 656 3266; x_wconf 90' lang='lat' dir='ltr'><strong>cum</strong></span> <span class='ocrx_word' id='word_1_206' title='bbox 671 3204 830 3267; x_wconf 89' lang='lat' dir='ltr'><strong>debellare</strong></span> <span class='ocrx_word' id='word_1_207' title='bbox 844 3204 1037 3286; x_wconf 87' lang='lat' dir='ltr'><strong>potuissent.</strong></span> <span class='ocrx_word' id='word_1_208' title='bbox 1064 3204 1246 3268; x_wconf 89' lang='lat' dir='ltr'><strong>Hostilium</strong></span> <span class='ocrx_word' id='word_1_209' title='bbox 1261 3202 1380 3267; x_wconf 88' lang='lat' dir='ltr'><strong>deinde</strong></span> <span class='ocrx_word' id='word_1_210' title='bbox 1397 3204 1514 3269; x_wconf 86' lang='lat' dir='ltr'><strong>Manci-</strong></span> 
     </span>
     <span class='ocr_line' id='line_1_26' title="bbox 360 3309 1550 3393; baseline 0 -20"><span class='ocrx_word' id='word_1_211' title='bbox 360 3332 441 3373; x_wconf 91' lang='lat' dir='ltr'><strong>num</strong></span> <span class='ocrx_word' id='word_1_212' title='bbox 460 3310 548 3371; x_wconf 93' lang='lat' dir='ltr'><strong>hunc</strong></span> <span class='ocrx_word' id='word_1_213' title='bbox 569 3331 695 3392; x_wconf 93' lang='lat' dir='ltr'><strong>quoque</strong></span> <span class='ocrx_word' id='word_1_214' title='bbox 718 3309 854 3372; x_wconf 88' lang='lat' dir='ltr'><strong>assiduis</strong></span> <span class='ocrx_word' id='word_1_215' title='bbox 871 3309 1022 3374; x_wconf 89' lang='lat' dir='ltr'><strong>caedibus</strong></span> <span class='ocrx_word' id='word_1_216' title='bbox 1044 3310 1262 3393; x_wconf 88' lang='lat' dir='ltr'><strong>subegerunt,</strong></span> <span class='ocrx_word' id='word_1_217' title='bbox 1287 3320 1326 3373; x_wconf 92' lang='lat' dir='ltr'><strong>ut</strong></span> <span class='ocrx_word' id='word_1_218' title='bbox 1347 3332 1392 3373; x_wconf 91' lang='lat' dir='ltr'><strong>ne</strong></span> <span class='ocrx_word' id='word_1_219' title='bbox 1414 3311 1515 3374; x_wconf 89' lang='lat' dir='ltr'><strong>oculos</strong></span> <span class='ocrx_word' id='word_1_220' title='bbox 1529 3312 1550 3365; x_wconf 79' lang='lat'><strong>²⁵</strong></span> 
     </span>
     <span class='ocr_line' id='line_1_27' title="bbox 360 3402 1516 3501; baseline -0.001 -22"><span class='ocrx_word' id='word_1_221' title='bbox 360 3416 491 3501; x_wconf 90' lang='lat' dir='ltr'><strong>quidem</strong></span> <span class='ocrx_word' id='word_1_222' title='bbox 506 3424 562 3478; x_wconf 92' lang='lat' dir='ltr'><strong>aut</strong></span> <span class='ocrx_word' id='word_1_223' title='bbox 578 3437 690 3478; x_wconf 89' lang='lat' dir='ltr'><strong>uocem</strong></span> <span class='ocrx_word' id='word_1_224' title='bbox 705 3416 902 3479; x_wconf 90' lang='lat' dir='ltr'><strong>Numantini</strong></span> <span class='ocrx_word' id='word_1_225' title='bbox 924 3415 989 3479; x_wconf 89' lang='lat' dir='ltr'><strong>uiri</strong></span> <span class='ocrx_word' id='word_1_226' title='bbox 1010 3415 1180 3498; x_wconf 90' lang='lat' dir='ltr'><strong>quisquam</strong></span> <span class='ocrx_word' id='word_1_227' title='bbox 1201 3415 1388 3480; x_wconf 87' lang='lat' dir='ltr'><strong>sustineret.</strong></span> <span class='ocrx_word' id='word_1_228' title='bbox 1413 3402 1516 3481; x_wconf 80' lang='lat' dir='ltr'><strong>tamen</strong></span> 
     </span>
     <span class='ocr_line' id='line_1_28' title="bbox 359 3522 1514 3604; baseline 0 -18"><span class='ocrx_word' id='word_1_229' title='bbox 359 3545 435 3586; x_wconf 88' lang='lat' dir='ltr'><strong>curn</strong></span> <span class='ocrx_word' id='word_1_230' title='bbox 449 3522 510 3585; x_wconf 87' lang='lat' dir='ltr'><strong>hoo</strong></span> <span class='ocrx_word' id='word_1_231' title='bbox 526 3543 652 3604; x_wconf 92' lang='lat' dir='ltr'><strong>quoque</strong></span> <span class='ocrx_word' id='word_1_232' title='bbox 667 3522 779 3585; x_wconf 88' lang='lat' dir='ltr'><strong>foedus</strong></span> <span class='ocrx_word' id='word_1_233' title='bbox 801 3522 962 3597; x_wconf 89' lang='lat' dir='ltr'><strong>maluere,</strong></span> <span class='ocrx_word' id='word_1_234' title='bbox 991 3522 1136 3586; x_wconf 89' lang='lat' dir='ltr'><strong>contenti</strong></span> <span class='ocrx_word' id='word_1_235' title='bbox 1160 3543 1323 3585; x_wconf 90' lang='lat' dir='ltr'><strong>armorum</strong></span> <span class='ocrx_word' id='word_1_236' title='bbox 1344 3522 1514 3598; x_wconf 88' lang='lat' dir='ltr'><strong>manubiis,</strong></span> 
     </span>
     <span class='ocr_line' id='line_1_29' title="bbox 359 3609 1514 3709; baseline 0.001 -18"><span class='ocrx_word' id='word_1_237' title='bbox 359 3651 434 3691; x_wconf 88' lang='lat' dir='ltr'><strong>cum</strong></span> <span class='ocrx_word' id='word_1_238' title='bbox 449 3631 489 3691; x_wconf 91' lang='lat' dir='ltr'><strong>ad</strong></span> <span class='ocrx_word' id='word_1_239' title='bbox 504 3609 757 3692; x_wconf 78' lang='lat' dir='ltr'><strong>internecionem</strong></span> <span class='ocrx_word' id='word_1_240' title='bbox 780 3627 903 3691; x_wconf 87' lang='lat' dir='ltr'><strong>saeuire</strong></span> <span class='ocrx_word' id='word_1_241' title='bbox 922 3627 1116 3709; x_wconf 90' lang='lat' dir='ltr'><strong>potuissent.</strong></span> <span class='ocrx_word' id='word_1_242' title='bbox 1149 3630 1294 3691; x_wconf 88' lang='lat' dir='ltr'><strong>sednon</strong></span> <span class='ocrx_word' id='word_1_243' title='bbox 1315 3628 1428 3692; x_wconf 87' lang='lat' dir='ltr'><strong>minus</strong></span> <span class='ocrx_word' id='word_1_244' title='bbox 1450 3630 1514 3692; x_wconf 90' lang='lat' dir='ltr'><strong>Nu·</strong></span> 
     </span>
     <span class='ocr_line' id='line_1_30' title="bbox 360 3732 1516 3816; baseline 0 -20"><span class='ocrx_word' id='word_1_245' title='bbox 360 3734 499 3797; x_wconf 91' lang='lat' dir='ltr'><strong>mantini</strong></span> <span class='ocrx_word' id='word_1_246' title='bbox 526 3755 622 3816; x_wconf 89' lang='lat' dir='ltr'><strong>quam</strong></span> <span class='ocrx_word' id='word_1_247' title='bbox 649 3733 788 3797; x_wconf 88' lang='lat' dir='ltr'><strong>Caudini</strong></span> <span class='ocrx_word' id='word_1_248' title='bbox 814 3732 903 3796; x_wconf 89' lang='lat' dir='ltr'><strong>illius</strong></span> <span class='ocrx_word' id='word_1_249' title='bbox 929 3732 1065 3797; x_wconf 88' lang='lat' dir='ltr'><strong>foederis</strong></span> <span class='ocrx_word' id='word_1_250' title='bbox 1091 3734 1231 3816; x_wconf 85' lang='lat' dir='ltr'><strong>flagrans</strong></span> <span class='ocrx_word' id='word_1_251' title='bbox 1257 3732 1439 3815; x_wconf 85' lang='lat' dir='ltr'><strong>ignominia</strong></span> <span class='ocrx_word' id='word_1_252' title='bbox 1464 3743 1516 3797; x_wconf 88' lang='lat' dir='ltr'><strong>aut</strong></span> 
     </span>
    </p>
   </div>
   <div class='ocr_carea' id='block_1_3' title="bbox 359 4016 1516 4771">
    <p class='ocr_par' dir='ltr' id='par_1_6' title="bbox 359 4016 1516 4771">
     <span class='ocr_line' id='line_1_31' title="bbox 365 4016 1516 4089; baseline 0.004 -21"><span class='ocrx_word' id='word_1_253' title='bbox 365 4020 375 4068; x_wconf 89' lang='lat'>1</span> <span class='ocrx_word' id='word_1_254' title='bbox 391 4024 419 4069; x_wconf 88' lang='lat' dir='ltr'><strong>et</strong></span> <span class='ocrx_word' id='word_1_255' title='bbox 431 4033 473 4067; x_wconf 87' lang='lat' dir='ltr'><strong>om</strong></span> <span class='ocrx_word' id='word_1_256' title='bbox 485 4027 510 4067; x_wconf 99' lang='lat' dir='ltr'><em>N</em></span> <span class='ocrx_word' id='word_1_257' title='bbox 520 4016 529 4085; x_wconf 91' lang='grc' dir='ltr'><strong>ΗΗ</strong></span> <span class='ocrx_word' id='word_1_258' title='bbox 542 4017 675 4085; x_wconf 87' lang='lat' dir='ltr'><strong>praesidia</strong></span> <span class='ocrx_word' id='word_1_259' title='bbox 687 4018 832 4071; x_wconf 78' lang='lat' dir='ltr'><strong>Halmius:</strong></span> <span class='ocrx_word' id='word_1_260' title='bbox 850 4017 1015 4087; x_wconf 88' lang='lat' dir='ltr'><strong>praesidium</strong></span> <span class='ocrx_word' id='word_1_261' title='bbox 1032 4017 1096 4087; x_wconf 90' lang='grc' dir='ltr'><strong>ΒΝΗ</strong></span> <span class='ocrx_word' id='word_1_262' title='bbox 1109 4018 1304 4070; x_wconf 84' lang='lat' dir='ltr'><strong>unimammum</strong></span> <span class='ocrx_word' id='word_1_263' title='bbox 1322 4030 1343 4071; x_wconf 99' lang='grc' dir='ltr'><em>Β</em></span> <span class='ocrx_word' id='word_1_264' title='bbox 1356 4018 1365 4089; x_wconf 88' lang='grc' dir='ltr'>Η</span> <span class='ocrx_word' id='word_1_265' title='bbox 1379 4022 1395 4072; x_wconf 88' lang='grc'><strong>2</strong></span> <span class='ocrx_word' id='word_1_266' title='bbox 1408 4020 1516 4073; x_wconf 89' lang='lat' dir='ltr'><strong>interni·</strong></span> 
     </span>
     <span class='ocr_line' id='line_1_32' title="bbox 360 4101 1516 4173; baseline -0.003 -16"><span class='ocrx_word' id='word_1_267' title='bbox 360 4104 463 4157; x_wconf 89' lang='lat' dir='ltr'><strong>tionem</strong></span> <span class='ocrx_word' id='word_1_268' title='bbox 474 4114 494 4155; x_wconf 87' lang='grc' dir='ltr'><em>Β</em></span> <span class='ocrx_word' id='word_1_269' title='bbox 506 4101 515 4172; x_wconf 91' lang='grc' dir='ltr'><strong>ΗΗ</strong></span> <span class='ocrx_word' id='word_1_270' title='bbox 529 4101 627 4154; x_wconf 90' lang='lat' dir='ltr'><strong>cecidit</strong></span> <span class='ocrx_word' id='word_1_271' title='bbox 638 4108 666 4154; x_wconf 88' lang='lat' dir='ltr'><strong>et</strong></span> <span class='ocrx_word' id='word_1_272' title='bbox 677 4102 894 4155; x_wconf 79' lang='lat' dir='ltr'><strong>Freinshemius:</strong></span> <span class='ocrx_word' id='word_1_273' title='bbox 911 4102 1053 4155; x_wconf 85' lang='lat' dir='ltr'><strong>cecidisset</strong></span> <span class='ocrx_word' id='word_1_274' title='bbox 1064 4121 1106 4155; x_wconf 84' lang='lat' dir='ltr'><strong>om</strong></span> <span class='ocrx_word' id='word_1_275' title='bbox 1117 4114 1163 4155; x_wconf 91' lang='grc' dir='ltr'><em>ΒΝ</em></span> <span class='ocrx_word' id='word_1_276' title='bbox 1172 4103 1182 4173; x_wconf 90' lang='grc' dir='ltr'><strong>ΗΗ</strong></span> <span class='ocrx_word' id='word_1_277' title='bbox 1196 4105 1211 4154; x_wconf 86' lang='grc'><strong>3</strong></span> <span class='ocrx_word' id='word_1_278' title='bbox 1229 4101 1291 4155; x_wconf 85' lang='lat' dir='ltr'><strong>fixit</strong></span> <span class='ocrx_word' id='word_1_279' title='bbox 1301 4102 1516 4159; x_wconf 74' lang='lat' dir='ltr'><strong>Freinshemius.-</strong></span> 
     </span>
     <span class='ocr_line' id='line_1_33' title="bbox 360 4186 1516 4260; baseline -0.001 -18"><span class='ocrx_word' id='word_1_280' title='bbox 360 4189 465 4242; x_wconf 81' lang='lat' dir='ltr'><strong>fixisset</strong></span> <span class='ocrx_word' id='word_1_281' title='bbox 481 4199 526 4241; x_wconf 88' lang='grc' dir='ltr'><em>ΒΝ</em></span> <span class='ocrx_word' id='word_1_282' title='bbox 534 4188 545 4258; x_wconf 91' lang='grc' dir='ltr'><strong>ΗΗ</strong></span> <span class='ocrx_word' id='word_1_283' title='bbox 557 4190 572 4238; x_wconf 90' lang='grc'>4</span> <span class='ocrx_word' id='word_1_284' title='bbox 582 4204 643 4239; x_wconf 92' lang='lat' dir='ltr'><strong>eum</strong></span> <span class='ocrx_word' id='word_1_285' title='bbox 656 4186 709 4239; x_wconf 87' lang='lat' dir='ltr'><strong>iam</strong></span> <span class='ocrx_word' id='word_1_286' title='bbox 720 4188 867 4240; x_wconf 77' lang='lat' dir='ltr'><strong>Halmius:</strong></span> <span class='ocrx_word' id='word_1_287' title='bbox 885 4188 967 4241; x_wconf 90' lang='lat' dir='ltr'><strong>etiam</strong></span> <span class='ocrx_word' id='word_1_288' title='bbox 977 4199 1022 4240; x_wconf 83' lang='lat' dir='ltr'><strong>BN</strong></span> <span class='ocrx_word' id='word_1_289' title='bbox 1032 4188 1041 4257; x_wconf 89' lang='grc' dir='ltr'><strong>ΗΗ</strong></span> <span class='ocrx_word' id='word_1_290' title='bbox 1054 4195 1205 4257; x_wconf 86' lang='lat' dir='ltr'><strong>opresserat</strong></span> <span class='ocrx_word' id='word_1_291' title='bbox 1215 4200 1241 4239; x_wconf 94' lang='grc' dir='ltr'><em>Ν</em></span> <span class='ocrx_word' id='word_1_292' title='bbox 1251 4187 1260 4257; x_wconf 92' lang='grc' dir='ltr'><strong>ΗΗ</strong></span> <span class='ocrx_word' id='word_1_293' title='bbox 1273 4189 1378 4257; x_wconf 91' lang='lat' dir='ltr'><strong>populo</strong></span> <span class='ocrx_word' id='word_1_294' title='bbox 1389 4202 1410 4243; x_wconf 89' lang='grc' dir='ltr'><em>Β</em></span> <span class='ocrx_word' id='word_1_295' title='bbox 1423 4190 1432 4260; x_wconf 95' lang='grc' dir='ltr'>Η</span> <span class='ocrx_word' id='word_1_296' title='bbox 1445 4194 1461 4242; x_wconf 83' lang='grc'>8</span> <span class='ocrx_word' id='word_1_297' title='bbox 1472 4206 1516 4259; x_wconf 92' lang='lat' dir='ltr'><strong>po·</strong></span> 
     </span>
     <span class='ocr_line' id='line_1_34' title="bbox 359 4273 1515 4345; baseline -0.002 -17"><span class='ocrx_word' id='word_1_298' title='bbox 359 4276 444 4328; x_wconf 85' lang='lat' dir='ltr'><strong>tuisse</strong></span> <span class='ocrx_word' id='word_1_299' title='bbox 462 4285 487 4327; x_wconf 90' lang='grc' dir='ltr'><em>Ν</em></span> <span class='ocrx_word' id='word_1_300' title='bbox 497 4273 506 4343; x_wconf 87' lang='grc' dir='ltr'><strong>ΗΗ</strong></span> <span class='ocrx_word' id='word_1_301' title='bbox 519 4284 634 4326; x_wconf 84' lang='lat' dir='ltr'><strong>xxxnrr</strong></span> <span class='ocrx_word' id='word_1_302' title='bbox 654 4283 768 4325; x_wconf 79' lang='lat' dir='ltr'><strong>aunnvu</strong></span> <span class='ocrx_word' id='word_1_303' title='bbox 782 4286 978 4328; x_wconf 72' lang='lat' dir='ltr'><strong>nvnssrnrvn</strong></span> <span class='ocrx_word' id='word_1_304' title='bbox 989 4283 1022 4337; x_wconf 94' lang='grc' dir='ltr'><em>Β,</em></span> <span class='ocrx_word' id='word_1_305' title='bbox 1041 4284 1156 4326; x_wconf 79' lang='lat' dir='ltr'><strong>nsnnvrr</strong></span> <span class='ocrx_word' id='word_1_306' title='bbox 1174 4285 1373 4327; x_wconf 77' lang='lat' dir='ltr'><strong>nrnsnrrsvrr</strong></span> <span class='ocrx_word' id='word_1_307' title='bbox 1390 4288 1417 4327; x_wconf 92' lang='lat' dir='ltr'><em>N</em></span> <span class='ocrx_word' id='word_1_308' title='bbox 1427 4276 1437 4345; x_wconf 93' lang='grc' dir='ltr'>Η</span> <span class='ocrx_word' id='word_1_309' title='bbox 1451 4278 1479 4329; x_wconf 86' lang='grc'><strong>11</strong></span> <span class='ocrx_word' id='word_1_310' title='bbox 1494 4274 1515 4326; x_wconf 84' lang='lat' dir='ltr'><strong>si</strong></span> 
     </span>
     <span class='ocr_line' id='line_1_35' title="bbox 360 4357 1514 4429; baseline 0.003 -18"><span class='ocrx_word' id='word_1_311' title='bbox 360 4360 433 4411; x_wconf 89' lang='lat' dir='ltr'><strong>uiros</strong></span> <span class='ocrx_word' id='word_1_312' title='bbox 445 4371 470 4411; x_wconf 94' lang='grc' dir='ltr'><em>Ν</em></span> <span class='ocrx_word' id='word_1_313' title='bbox 480 4359 489 4429; x_wconf 91' lang='grc' dir='ltr'><strong>ΗΗ</strong></span> <span class='ocrx_word' id='word_1_314' title='bbox 506 4361 535 4410; x_wconf 85' lang='grc'><strong>12</strong></span> <span class='ocrx_word' id='word_1_315' title='bbox 548 4358 666 4410; x_wconf 89' lang='lat' dir='ltr'><strong>Durium</strong></span> <span class='ocrx_word' id='word_1_316' title='bbox 678 4363 743 4425; x_wconf 78' lang='lat' dir='ltr'><strong>post</strong></span> <span class='ocrx_word' id='word_1_317' title='bbox 759 4358 859 4411; x_wconf 86' lang='lat' dir='ltr'><strong>flumen</strong></span> <span class='ocrx_word' id='word_1_318' title='bbox 879 4359 932 4411; x_wconf 82' lang='lat' dir='ltr'><strong>odd</strong></span> <span class='ocrx_word' id='word_1_319' title='bbox 949 4358 999 4411; x_wconf 84' lang='lat' dir='ltr'><strong>edd</strong></span> <span class='ocrx_word' id='word_1_320' title='bbox 1016 4363 1071 4410; x_wconf 81' lang='lat' dir='ltr'><strong>vett</strong></span> <span class='ocrx_word' id='word_1_321' title='bbox 1082 4358 1090 4427; x_wconf 93' lang='grc' dir='ltr'><strong>ΗΗ</strong></span> <span class='ocrx_word' id='word_1_322' title='bbox 1104 4357 1183 4410; x_wconf 86' lang='lat' dir='ltr'><strong>silata</strong></span> <span class='ocrx_word' id='word_1_323' title='bbox 1193 4370 1219 4409; x_wconf 96' lang='grc' dir='ltr'><em>Ν</em></span> <span class='ocrx_word' id='word_1_324' title='bbox 1229 4358 1238 4426; x_wconf 89' lang='grc' dir='ltr'><strong>ΗΗ</strong></span> <span class='ocrx_word' id='word_1_325' title='bbox 1253 4361 1285 4410; x_wconf 79' lang='lat'><strong>14</strong></span> <span class='ocrx_word' id='word_1_326' title='bbox 1298 4360 1514 4427; x_wconf 83' lang='lat' dir='ltr'><strong>quattuordecim</strong></span> 
     </span>
     <span class='ocr_line' id='line_1_36' title="bbox 359 4442 1514 4514; baseline 0.001 -17"><span class='ocrx_word' id='word_1_327' title='bbox 359 4456 384 4497; x_wconf 94' lang='lat' dir='ltr'><em>N</em></span> <span class='ocrx_word' id='word_1_328' title='bbox 395 4446 403 4514; x_wconf 91' lang='grc' dir='ltr'><strong>ΗΗ</strong></span> <span class='ocrx_word' id='word_1_329' title='bbox 419 4448 450 4496; x_wconf 85' lang='grc'><strong>16</strong></span> <span class='ocrx_word' id='word_1_330' title='bbox 464 4462 531 4514; x_wconf 90' lang='lat' dir='ltr'><strong>opus</strong></span> <span class='ocrx_word' id='word_1_331' title='bbox 544 4442 597 4496; x_wconf 88' lang='lat' dir='ltr'><strong>fuit</strong></span> <span class='ocrx_word' id='word_1_332' title='bbox 609 4458 718 4512; x_wconf 86' lang='lat' dir='ltr'><strong>quoque</strong></span> <span class='ocrx_word' id='word_1_333' title='bbox 735 4458 766 4493; x_wconf 92' lang='lat' dir='ltr'><strong>eo</strong></span> <span class='ocrx_word' id='word_1_334' title='bbox 778 4453 804 4496; x_wconf 91' lang='lat' dir='ltr'><em>N</em></span> <span class='ocrx_word' id='word_1_335' title='bbox 814 4443 822 4513; x_wconf 90' lang='grc' dir='ltr'><strong>ΗΗ</strong></span> <span class='ocrx_word' id='word_1_336' title='bbox 838 4446 868 4494; x_wconf 82' lang='lat'><strong>17</strong></span> <span class='ocrx_word' id='word_1_337' title='bbox 876 4449 976 4496; x_wconf 88' lang='lat' dir='ltr'><strong>temere</strong></span> <span class='ocrx_word' id='word_1_338' title='bbox 988 4452 1030 4497; x_wconf 89' lang='lat' dir='ltr'><strong>est</strong></span> <span class='ocrx_word' id='word_1_339' title='bbox 1040 4443 1150 4496; x_wconf 71' lang='lat' dir='ltr'><strong>fateris</strong></span> <span class='ocrx_word' id='word_1_340' title='bbox 1163 4443 1172 4513; x_wconf 92' lang='grc' dir='ltr'><strong>ΗΗ</strong></span> <span class='ocrx_word' id='word_1_341' title='bbox 1185 4442 1321 4512; x_wconf 84' lang='lat' dir='ltr'><strong>egidesses</strong></span> <span class='ocrx_word' id='word_1_342' title='bbox 1334 4443 1359 4507; x_wconf 81' lang='lat' dir='ltr'><strong>b,</strong></span> <span class='ocrx_word' id='word_1_343' title='bbox 1374 4444 1514 4514; x_wconf 82' lang='lat' dir='ltr'><strong>egidenscs</strong></span> 
     </span>
     <span class='ocr_line' id='line_1_37' title="bbox 361 4526 1511 4599; baseline 0.002 -18"><span class='ocrx_word' id='word_1_344' title='bbox 361 4540 381 4581; x_wconf 88' lang='grc' dir='ltr'><em>Β</em></span> <span class='ocrx_word' id='word_1_345' title='bbox 393 4528 402 4598; x_wconf 91' lang='grc' dir='ltr'><strong>ΗΗ</strong></span> <span class='ocrx_word' id='word_1_346' title='bbox 418 4532 448 4580; x_wconf 86' lang='grc'><strong>18</strong></span> <span class='ocrx_word' id='word_1_347' title='bbox 461 4530 602 4598; x_wconf 88' lang='lat' dir='ltr'><strong>sociosque</strong></span> <span class='ocrx_word' id='word_1_348' title='bbox 614 4536 642 4581; x_wconf 90' lang='lat' dir='ltr'><strong>et</strong></span> <span class='ocrx_word' id='word_1_349' title='bbox 652 4539 673 4581; x_wconf 86' lang='grc' dir='ltr'><em>Β</em></span> <span class='ocrx_word' id='word_1_350' title='bbox 685 4526 694 4596; x_wconf 92' lang='grc' dir='ltr'><strong>ΗΗ</strong></span> <span class='ocrx_word' id='word_1_351' title='bbox 707 4544 770 4579; x_wconf 87' lang='lat' dir='ltr'><strong>suos</strong></span> <span class='ocrx_word' id='word_1_352' title='bbox 789 4545 831 4579; x_wconf 79' lang='lat' dir='ltr'><strong>mn</strong></span> <span class='ocrx_word' id='word_1_353' title='bbox 843 4539 868 4579; x_wconf 95' lang='lat' dir='ltr'><em>N</em></span> <span class='ocrx_word' id='word_1_354' title='bbox 878 4527 886 4596; x_wconf 96' lang='grc' dir='ltr'>Η</span> <span class='ocrx_word' id='word_1_355' title='bbox 902 4530 932 4580; x_wconf 84' lang='grc'><strong>19</strong></span> <span class='ocrx_word' id='word_1_356' title='bbox 946 4528 1114 4597; x_wconf 81' lang='lat' dir='ltr'><strong>susciperent</strong></span> <span class='ocrx_word' id='word_1_357' title='bbox 1124 4539 1158 4590; x_wconf 83' lang='grc' dir='ltr'><em>Β,</em></span> <span class='ocrx_word' id='word_1_358' title='bbox 1182 4534 1345 4597; x_wconf 84' lang='lat' dir='ltr'><strong>exceperant</strong></span> <span class='ocrx_word' id='word_1_359' title='bbox 1360 4539 1387 4581; x_wconf 91' lang='lat' dir='ltr'><em>N</em></span> <span class='ocrx_word' id='word_1_360' title='bbox 1397 4529 1408 4599; x_wconf 92' lang='grc' dir='ltr'><strong>ΗΗ</strong></span> <span class='ocrx_word' id='word_1_361' title='bbox 1420 4530 1459 4583; x_wconf 86' lang='lat' dir='ltr'><strong>eis</strong></span> <span class='ocrx_word' id='word_1_362' title='bbox 1470 4528 1511 4596; x_wconf 88' lang='grc' dir='ltr'><strong>ΝΗ</strong></span> 
     </span>
     <span class='ocr_line' id='line_1_38' title="bbox 363 4610 1514 4684; baseline -0.001 -19"><span class='ocrx_word' id='word_1_363' title='bbox 363 4617 396 4665; x_wconf 90' lang='grc'><strong>20</strong></span> <span class='ocrx_word' id='word_1_364' title='bbox 408 4612 536 4682; x_wconf 86' lang='lat' dir='ltr'><strong>legitimis</strong></span> <span class='ocrx_word' id='word_1_365' title='bbox 547 4626 566 4665; x_wconf 87' lang='grc' dir='ltr'><em>Β</em></span> <span class='ocrx_word' id='word_1_366' title='bbox 580 4612 588 4683; x_wconf 96' lang='grc' dir='ltr'>Η</span> <span class='ocrx_word' id='word_1_367' title='bbox 602 4618 631 4667; x_wconf 84' lang='grc'><strong>21</strong></span> <span class='ocrx_word' id='word_1_368' title='bbox 653 4619 792 4681; x_wconf 88' lang='lat' dir='ltr'><strong>receptum</strong></span> <span class='ocrx_word' id='word_1_369' title='bbox 804 4623 829 4664; x_wconf 94' lang='lat' dir='ltr'><em>N</em></span> <span class='ocrx_word' id='word_1_370' title='bbox 839 4610 848 4681; x_wconf 91' lang='grc' dir='ltr'><strong>ΗΗ</strong></span> <span class='ocrx_word' id='word_1_371' title='bbox 862 4616 894 4664; x_wconf 91' lang='grc'><strong>22</strong></span> <span class='ocrx_word' id='word_1_372' title='bbox 911 4629 1021 4682; x_wconf 84' lang='lat' dir='ltr'><strong>megara</strong></span> <span class='ocrx_word' id='word_1_373' title='bbox 1039 4613 1112 4666; x_wconf 87' lang='lat' dir='ltr'><strong>uicto</strong></span> <span class='ocrx_word' id='word_1_374' title='bbox 1124 4612 1168 4681; x_wconf 92' lang='grc' dir='ltr'><strong>ΝΗ</strong></span> <span class='ocrx_word' id='word_1_375' title='bbox 1182 4616 1215 4665; x_wconf 85' lang='grc'><strong>23</strong></span> <span class='ocrx_word' id='word_1_376' title='bbox 1227 4612 1325 4683; x_wconf 88' lang='lat' dir='ltr'><strong>proillo</strong></span> <span class='ocrx_word' id='word_1_377' title='bbox 1344 4625 1364 4666; x_wconf 89' lang='grc' dir='ltr'><em>Β</em></span> <span class='ocrx_word' id='word_1_378' title='bbox 1376 4613 1386 4684; x_wconf 93' lang='grc' dir='ltr'><strong>ΗΗ</strong></span> <span class='ocrx_word' id='word_1_379' title='bbox 1399 4618 1433 4666; x_wconf 83' lang='grc'><strong>25</strong></span> <span class='ocrx_word' id='word_1_380' title='bbox 1445 4615 1514 4667; x_wconf 86' lang='lat' dir='ltr'><strong>hunc</strong></span> 
     </span>
     <span class='ocr_line' id='line_1_39' title="bbox 364 4696 1511 4771; baseline 0.003 -21"><span class='ocrx_word' id='word_1_381' title='bbox 364 4698 616 4767; x_wconf 80' lang='lat' dir='ltr'><strong>quoquedelcuert&#39;m</strong></span> <span class='ocrx_word' id='word_1_382' title='bbox 630 4698 638 4769; x_wconf 90' lang='grc' dir='ltr'><strong>ΗΗ</strong></span> <span class='ocrx_word' id='word_1_383' title='bbox 652 4696 891 4767; x_wconf 86' lang='lat' dir='ltr'><strong>itasubegeruntN</strong></span> <span class='ocrx_word' id='word_1_384' title='bbox 901 4697 910 4767; x_wconf 90' lang='grc' dir='ltr'><strong>ΗΗ</strong></span> <span class='ocrx_word' id='word_1_385' title='bbox 924 4697 1193 4751; x_wconf 78' lang='lat' dir='ltr'><strong>28intcrnitionema</strong></span> <span class='ocrx_word' id='word_1_386' title='bbox 1206 4698 1215 4768; x_wconf 90' lang='grc' dir='ltr'>Η</span> <span class='ocrx_word' id='word_1_387' title='bbox 1228 4698 1398 4753; x_wconf 71' lang='lat' dir='ltr'><strong>290autinib</strong></span> <span class='ocrx_word' id='word_1_388' title='bbox 1410 4699 1420 4771; x_wconf 88' lang='grc' dir='ltr'>Η</span> <span class='ocrx_word' id='word_1_389' title='bbox 1433 4698 1511 4767; x_wconf 79' lang='lat' dir='ltr'><strong>ach</strong></span> 
     </span>
    </p>
   </div>
   <div class='ocr_carea' id='block_1_4' title="bbox 0 0 1910 5534">
    <p class='ocr_par' dir='ltr' id='par_1_7' title="bbox 0 0 1910 5534">
     <span class='ocr_line' id='line_1_40' title="bbox 0 0 1910 5534; baseline 0 0"><span class='ocrx_word' id='word_1_390' title='bbox 0 0 1910 5534; x_wconf 95' lang='lat' dir='ltr'><strong> </strong></span> 
     </span>
    </p>
   </div>
  </div>
 </body>
</html>
