3809 5534
929 601 999 644 IVLI
1015 601 1112 645 mour

698 753 775 815 XV.
801 751 985 814 BELLVM
1002 751 1340 816 SALLENTINVM.
1617 757 1639 816 I

384 941 424 1001 20
441 938 613 1003 Sallentini
635 937 823 1000 Picentibus
844 936 946 1000 additi
968 947 1128 1020 caputque
1150 937 1290 1020 regionis
1311 938 1528 1004 Brundisium
1549 938 1596 1002 in·

440 1045 516 1108 clito
538 1055 633 1128 portu
655 1046 703 1107 M.
722 1044 823 1108 Atilio
839 1045 931 1107 duce.
957 1054 990 1106 et
1010 1042 1046 1104 in
1069 1042 1130 1105 hoc
1152 1043 1327 1107 certamine
1350 1044 1507 1109 uictoriae
1529 1068 1596 1129 pre·

440 1151 522 1214 tium
538 1151 697 1233 templum
712 1150 773 1214 sibi
787 1149 928 1234 pastoria
943 1150 1038 1212 Pales
1053 1149 1139 1212 ultro
1154 1149 1310 1231 poposcit.

698 1373 795 1438 XVI.
820 1370 1004 1436 BELLVM
1021 1367 1336 1435 VOLSINIENSE.

384 1562 418 1622 21
442 1560 600 1624 Postremi
623 1559 811 1624 Italicorum
837 1557 872 1619 in
900 1558 998 1619 fidem
1029 1576 1146 1617 uenere
1172 1556 1330 1634 Volsinii,
1359 1557 1597 1641 opulentissimi

440 1667 667 1742 Etruscorum,
684 1665 882 1748 inplorantes
898 1685 992 1745 opem
1014 1664 1167 1724 aduersus
1190 1684 1299 1725 seruos
1322 1666 1487 1746 quondam
1511 1688 1594 1743 sune,

440 1771 496 1853 qui
511 1772 694 1835 libertatem
709 1792 728 1832 a
743 1768 881 1831 dominis
898 1770 1007 1831 datam
1021 1766 1056 1830 in
1077 1766 1162 1849 ipsos
1185 1780 1353 1832 erexerant
1376 1772 1595 1852 translataque

371 1954 376 1962 .
440 1876 524 1939 inse
539 1899 573 1940 re
588 1876 718 1960 publica
733 1873 992 1938 dominabantur.
1017 1876 1074 1937 sed
1094 1873 1129 1935 bi
1150 1896 1276 1957 quoque
1297 1877 1378 1938 duee
1394 1876 1497 1939 Fabio
1513 1877 1594 1939 Gur-

440 1982 507 2065 gite
522 2006 640 2067 poenas
656 1976 845 2048 dederunt.u
1596 1978 1635 2066 [l]

740 2169 856 2235 XVII.
882 2167 943 2230 DE
960 2167 1294 2234 SEDITIONIBVS.

383 2346 424 2405 22
440 2344 532 2404 Haec
548 2352 597 2404 est
619 2343 760 2405 secunda
782 2350 869 2402 aetas
892 2337 1005 2420 populi
1028 2337 1170 2401 Romani
1192 2349 1225 2401 ct
1246 2337 1339 2420 quasi
1361 2340 1592 2414 adulescentia,

438 2469 502 2529 qua
515 2447 655 2510 maxime
671 2445 772 2510 uiruit
793 2455 825 2507 et
848 2447 988 2527 quodam
1011 2445 1089 2507 flore
1104 2444 1237 2507 uirtutis
1260 2444 1380 2508 exarsit
1402 2445 1590 2508 acierbuit.

438 2551 546 2634 itaque
561 2552 665 2616 inerat
681 2553 837 2636 quaedam
853 2551 958 2613 adhuc
974 2572 1014 2612 ex
1028 2550 1210 2632 pastoribus
1224 2550 1353 2627 feritas,
1371 2551 1530 2633 quiddam
1545 2552 1594 2613 ad·

438 2657 502 2720 huc
518 2657 658 2741 spirabat
680 2658 885 2720 indomitum.
910 2655 987 2718 inde
1008 2667 1073 2733 est,
1097 2658 1183 2739 quod
1205 2656 1364 2720 exercitus
1388 2658 1593 2720 Postumium
1611 2667 1637 2715 15

438 2763 674 2845 imperatorem,
691 2764 887 2825 infitiantem
902 2784 981 2844 quas
996 2762 1185 2844 promiserat
1204 2764 1358 2845 praedas,
1381 2761 1468 2824 facta
1489 2761 1527 2824 in
1548 2784 1594 2825 ca-

439 2868 512 2931 stris
529 2869 685 2931 seditione
700 2866 859 2949 lapidauit
867 2890 876 2941 ;
896 2869 982 2949 quod
997 2870 1057 2931 sub
1069 2867 1176 2951 Appio
1192 2868 1329 2931 Claudio
1343 2867 1453 2930 noluit
1467 2867 1594 2929 uincere

438 2973 576 3048 hostem,
593 2995 668 3035 cum
682 2983 790 3055 posset
797 2998 806 3047 ;
833 2975 919 3054 quod
943 2975 1024 3036 duce
1039 2974 1199 3036 Volerone
1214 2972 1470 3036 detractantibus
1485 2968 1594 3055 pleris-

438 3099 500 3159 que
514 3076 684 3155 militiam,
708 3077 802 3142 fracti
818 3078 959 3141 consulis
975 3078 1086 3141 fasces.
1111 3079 1187 3141 inde
1212 3078 1405 3141 clarissimos
1420 3077 1593 3161 principes,

438 3183 523 3266 quod
538 3183 785 3248 aduersarentur
799 3184 963 3247 uoluntati
985 3206 1073 3260 snae,
1091 3184 1275 3248 exulatione
1288 3184 1445 3247 multauit
1454 3232 1465 3261 ,
1482 3195 1521 3247 ut
1537 3186 1594 3248 Co·
1612 3192 1639 3242 2⁰

437 3287 597 3351 riolanum
605 3290 708 3353 colere
717 3312 808 3373 agros
817 3290 983 3352 iubentem
992 3311 1099 3353 -nec
1106 3290 1214 3353 minus
1222 3290 1277 3353 ille
1284 3290 1433 3353 ferociter
1443 3290 1596 3353 iniuriam

437 3394 533 3456 armis
557 3394 775 3472 uindicasset,
798 3395 863 3458 nisi
871 3397 964 3477 'quod
978 3394 1044 3458 iam
1057 3395 1248 3459 inserentem
1264 3396 1357 3478 signa
1370 3395 1479 3458 filium
1494 3407 1594 3458 mater

436 3500 571 3563 Veturia
582 3499 722 3563 lacrimis
736 3499 803 3563 suis
817 3501 1014 3577 exarmauit3
1029 3513 1067 3564 ut
1075 3501 1182 3584 ipsum
1189 3501 1377 3577 Camillum,
1387 3504 1476 3584 quod
1487 3502 1595 3585 inique

435 3606 520 3668 inter
530 3607 657 3689 plebem
669 3618 701 3670 et
714 3606 891 3670 exercitum
907 3606 1054 3670 diuisisse
1067 3606 1237 3670 Veientem
1248 3608 1401 3689 praedam
1415 3606 1593 3671 uideretur.

438 3712 562 3775 sedhic
577 3712 730 3776 humilior
745 3712 823 3778 Veis
839 3713 874 3775 in
890 3724 984 3796 capta
998 3714 1076 3776 urbe
1092 3713 1261 3776 consenuit
1283 3724 1316 3776 et
1338 3735 1416 3775 mox
1433 3713 1593 3797 supplices
1612 3723 1639 3771 25

436 3987 451 4037 2
465 3984 591 4039 salentini
604 3986 646 4039 brt
660 3987 669 4057 1
682 4005 747 4040 uero
760 3987 913 4058 picentibus
925 4001 941 4040 Ι
952 3987 960 4058 11
974 3995 1109 4057 caputque
1122 3987 1164 4039 his
1176 3986 1334 4056 regionibus
1345 3999 1385 4039 IN
1395 3987 1404 4057 11
1417 3987 1524 4059 inclyto
1535 3987 1590 4051 llN,

435 4088 477 4122 om
489 4070 518 4123 ΙΡ
532 4069 541 4141 11
555 4075 570 4123 3
582 4078 663 4141 portu
676 4072 751 4124 atilio
763 4086 791 4136 Β,
805 4080 867 4141 post
878 4074 974 4126 natilio
986 4086 1002 4125 Ι
1019 4073 1027 4143 11
1041 4080 1069 4126 et
1080 4091 1122 4125 om
1133 4086 1153 4125 Β
1172 4072 1181 4142 11
1196 4077 1214 4124 4
1232 4080 1341 4142 pastura
1352 4072 1394 4138 17⁸,
1415 4081 1530 4144 pastura
1540 4074 1569 4128 1¹¹
1581 4071 1589 4140 11

436 4161 685 4210 5VVLSIN1uNsnB
710 4155 718 4226 11
743 4159 758 4208 6
776 4156 805 4208 in
823 4156 875 4209 fide
893 4176 1015 4211 mansere
1032 4157 1133 4211 uolsini
1150 4170 1176 4210 N
1193 4158 1202 4227 11
1224 4158 1335 4212 uulsinii
1352 4172 1372 4211 Β
1392 4158 1401 4229 11
1419 4163 1478 4213 9se
1496 4178 1526 4214 re
1537 4177 1590 4228 rep.

434 4255 453 4293 Β
467 4242 475 4311 11
492 4245 521 4294 12
534 4240 754 4303 adolescentior,
771 4240 949 4296 aduliscentia
960 4255 986 4295 N
1002 4241 1011 4313 11
1034 4246 1062 4295 13
1076 4244 1177 4296 exarsit
1189 4244 1239 4296 hac
1251 4244 1352 4297 ferbuit
1363 4257 1392 4308 Β,
1407 4246 1511 4298 exarsit
1523 4253 1551 4298 et
1563 4261 1591 4296 ac

434 4326 536 4380 ferbuit
550 4339 576 4379 N
592 4326 601 4396 11
621 4329 653 4378 14
666 4325 795 4395 quiddam
808 4327 927 4394 spirabat
937 4340 963 4380 N
974 4327 982 4397 11
999 4332 1029 4380 15
1041 4328 1208 4398 postumium
1227 4328 1281 4380 bN:
1305 4329 1494 4397 posthumium
1506 4341 1526 4383 Β
1539 4330 1547 4398 11
1563 4333 1590 4381 lt

435 4414 547 4480 praedas
558 4411 579 4466 ’Β
592 4413 600 4482 11
617 4416 647 4465 18
660 4410 795 4463 Volerone
811 4411 1004 4481 Caspiaianus:
1018 4414 1144 4466 ualerone
1155 4426 1183 4475 Β,
1199 4413 1300 4465 ualerio
1313 4431 1414 4467 nerone
1425 4428 1452 4467 N
1468 4416 1477 4486 1
1491 4416 1590 4469 detrac-

436 4494 508 4548 tibus
519 4510 538 4548 Β
551 4497 559 4567 11
576 4501 606 4549 19
619 4497 683 4550 inde
696 4495 771 4565 quod
783 4496 944 4549 clarissimos
956 4511 981 4550 N
992 4499 1000 4567 11
1019 4498 1144 4567 princeps
1157 4497 1171 4548 b
1191 4498 1200 4566 11
1219 4502 1249 4550 21
1265 4500 1368 4552 colores
1382 4500 1397 4550 ὀ
1416 4500 1425 4569 11
1446 4505 1478 4554 25
1491 4500 1590 4553 sedhic

435 4578 563 4633 humilior
580 4580 791 4635 Mamaeanas:
812 4582 859 4633 sed
871 4582 937 4634 haec
949 4583 1044 4635 melior
1055 4596 1090 4645 Β,
1121 4584 1168 4635 sed
1181 4583 1232 4637 hic,
1242 4584 1337 4637 melior
1348 4596 1374 4636 N
1392 4585 1401 4653 11
1420 4585 1484 4638 Veis
1504 4584 1589 4638 Seebo

437 4661 512 4714 dias:
525 4665 567 4717 uis
579 4678 606 4726 Β,
622 4685 663 4719 om
675 4680 701 4719 N
711 4667 719 4733 11
