3809 5534
778 595 973 639 rasammo.
1375 586 1464 648 XVII

296 737 375 805 delli
389 740 563 819 interesset,
582 745 668 827 quod
681 744 714 806 in
726 744 921 829 qiudictorio
933 745 1151 829 muncreflcri
1160 748 1247 825 solet,
1266 772 1327 813 uno
1343 755 1462 817 eedem·

294 870 357 933 que
372 857 544 924 momento,
565 870 635 911 cum
651 849 684 911 in
700 848 768 912 acic
786 850 910 914 Cimbri
921 853 1172 928 succumberent,
1183 854 1322 935 populus
1338 854 1463 921 iambe

285 946 496 1037 plaudebat'.
511 955 597 1016 unde
612 956 802 1017 sumendum
820 965 867 1017 est
881 956 1003 1018 factum
1015 978 1083 1020 esse
1098 957 1219 1039 aliquid
1234 958 1268 1021 in
1283 965 1464 1044 spectaculo

293 1057 507 1143 gladiatorio,
537 1058 588 1121 cui
610 1060 806 1141 plaudebant
829 1071 1040 1142 spectatores,
1071 1062 1118 1125 ita
1137 1076 1346 1146 conparatum
1369 1079 1406 1131 ut
1422 1072 1462 1133 ad

278 1162 467 1254 'uictoriam
482 1164 675 1228 Cimbricam
691 1164 799 1226 referri
813 1176 935 1246 posset3
966 1166 1056 1249 atqui
1079 1167 1176 1231 huius
1198 1169 1244 1231 rci
1259 1172 1398 1235 narratio
1413 1174 1462 1236 in-
1496 1179 1499 1185 '

294 1266 387 1332 curia
412 1268 612 1332 librariorum
639 1269 755 1331 omissa
780 1280 838 1332 cst.
871 1292 985 1334 uerum
999 1271 1052 1333 hic
1072 1271 1162 1336 locus
1177 1274 1275 1337 etiam
1290 1277 1353 1339 alio
1368 1282 1463 1343 modo

270 1385 277 1401 ³
294 1384 466 1457 corruptus
482 1386 540 1437 est.
559 1375 657 1437 uerba
672 1374 758 1437 enim
770 1368 869 1457 ‘quod
881 1374 914 1437 ira
927 1374 1123 1458 pladiaterio
1138 1381 1356 1463 munercfleri
1368 1378 1461 1448 selet'

295 1500 336 1543 1ο
360 1479 431 1543 1111
463 1502 525 1562 quo
548 1478 582 1540 in
603 1485 669 1541 BN
695 1479 847 1561 leguntur
877 1502 1008 1542 sensum
1030 1480 1125 1562 plane
1147 1482 1274 1546 nullum
1305 1487 1459 1551 efficiunt.

297 1584 378 1669 quid
393 1584 499 1647 enim?
524 1595 633 1646 utrum
647 1584 681 1645 in
703 1583 892 1666 gladiatorio
921 1605 1054 1647 munere
1082 1587 1152 1648 fieri
1181 1587 1302 1652 solebat
1328 1601 1364 1653 ut
1386 1594 1462 1656 urbs

296 1690 391 1754 uelut
406 1691 490 1753 elata
504 1690 668 1753 montibus
685 1689 865 1772 spectaculo
886 1689 964 1752 belli
986 1690 1171 1767 interesset,
1199 1713 1240 1754 an
1265 1704 1302 1756 ut
1323 1698 1462 1778 populus

297 1796 411 1859 eodem
432 1807 617 1872 momento,
645 1818 709 1878 quo
731 1795 766 1857 in
788 1795 855 1858 acie
879 1794 1002 1858 Cimbri
1031 1798 1300 1876 succumbebant,
1329 1800 1363 1863 in
1383 1805 1463 1866 urbe

295 1900 485 1985 plauderet?
509 1911 616 1984 aperte
643 1901 722 1963 haec
744 1902 844 1963 uerba
866 1899 1029 1983 pertinent
1044 1902 1085 1963 ad
1099 1901 1182 1965 illud
1198 1902 1346 1987 feliciter
1367 1907 1460 1983 dr'eit,

297 2007 385 2090 quod
399 2027 434 2070 re
448 2027 527 2069 uera
546 2006 580 2067 in
595 2006 784 2090 gladiatorio
807 2027 939 2069 munere
961 2004 1031 2067 fieri
1054 2006 1176 2069 solebat
1197 2017 1229 2069 et
1252 2030 1289 2071 eo
1312 2014 1463 2094 temporis

297 2121 461 2175 momento
485 2111 603 2194 egregii
625 2111 741 2175 ominis
764 2111 837 2173 fuit.
866 2131 974 2193 neque
1002 2131 1077 2171 casu
1100 2110 1222 2174 factum
1248 2134 1315 2176 esse
1344 2126 1461 2197 potest,

297 2218 385 2301 quod
399 2238 438 2279 ea
451 2215 522 2298 ipsa
535 2217 634 2279 uerba
648 2238 729 2299 quae
746 2216 939 2298 transposita
961 2236 1028 2278 esse
1050 2217 1210 2278 contendo
1225 2216 1322 2280 unius
1337 2238 1461 2295 111111,

298 2322 408 2406 quales
425 2342 522 2403 supra
536 2320 697 2397 uidimuS,
715 2321 855 2404 spatium
869 2321 1008 2404 inplent.
1043 2342 1148 2405 neque
1163 2343 1239 2384 uero
1255 2322 1400 2386 inaudita
1414 2346 1464 2388 res

297 2425 334 2491 in
356 2426 452 2490 Floro
475 2426 750 2508 transpositiones
787 2427 896 2490 statim
922 2448 943 2509 p
967 2432 1018 2502 63,
1041 2432 1078 2489 13
1101 2428 1200 2490 uerba
1218 2428 1322 2511 qlccie
1336 2429 1464 2513 flumen

297 2531 460 2617 equitatur
475 2529 510 2591 in
524 2537 553 2592 Β
567 2532 637 2594 1111
652 2554 710 2595 suo
725 2542 813 2595 mota
828 2542 922 2607 sunt,
947 2541 980 2593 et
995 2552 1016 2612 p
1034 2535 1084 2606 32,
1107 2539 1144 2594 10
1167 2533 1266 2594 uerba
1280 2531 1416 2597 bostium
1432 2546 1464 2596 et

298 2635 383 2714 mm,
411 2636 448 2698 in
467 2658 531 2718 quo
546 2636 684 2700 insulam
700 2638 799 2700 latore
814 2636 897 2699 uidit
913 2633 1098 2717 Hauptius,
1127 2635 1233 2697 locum
1247 2646 1415 2699 mutarunt
1428 2638 1463 2699 in

298 2748 340 2819 B,
363 2740 399 2804 in
420 2740 512 2805 cuius
533 2743 732 2825 autographo
754 2745 853 2804 finem
876 2761 988 2802 uersus
1012 2760 1184 2822 occupasse
1206 2740 1368 2804 uidentur.
1408 2744 1464 2807 sed

298 2856 441 2911 reuertor
467 2847 508 2909 ad
533 2847 664 2911 lacunas
695 2848 895 2912 indicandas.
935 2844 1035 2926 igitur
1055 2866 1077 2928 p
1101 2850 1161 2922 81,
1188 2851 1206 2905 4
1233 2856 1306 2927 post
1328 2846 1464 2930 confisus

298 2952 456 3035 quaedam
472 2952 511 3014 de
526 2951 631 3014 Mario
647 2974 666 3013 a
681 2953 775 3020 Floro
791 2961 919 3013 narrata
934 2949 1140 3024 exciderunt,
1165 2964 1299 3014 cumea
1321 2974 1402 3034 quae
1417 2974 1468 3015 sc„

298 3066 444 3140 quuntur
459 3057 500 3119 ad
514 3057 689 3139 Apuleium
703 3057 896 3139 pertineant.
922 3054 1020 3117 etiam
1034 3077 1056 3138 p
1075 3062 1146 3134 101,
1165 3059 1202 3117 21
1221 3057 1377 3136 quaedam
1392 3070 1465 3139 post

298 3161 437 3244 amplior
459 3162 576 3225 omissa
597 3184 664 3224 esse
693 3162 769 3224 inde
796 3159 999 3244 perspicitur,
1014 3162 1097 3243 quod
1119 3181 1179 3222 nec
1200 3161 1465 3226 Caesarianorum

296 3265 439 3350 impetus
451 3265 589 3348 amplior
603 3266 666 3328 dici
681 3267 787 3349 potuit
798 3287 857 3328 nec
869 3284 964 3349 coque
978 3264 1076 3327 habet
1091 3287 1154 3347 quo
1169 3266 1334 3328 referatur.
1353 3266 1465 3329 simili-

297 3380 347 3435 ter
361 3378 469 3453 p·105,
482 3379 517 3436 17
532 3382 607 3434 1111
622 3372 716 3436 aliter
727 3372 837 3435 saluus
853 3371 1010 3453 quaedam
1025 3371 1133 3432 deesse
1148 3370 1240 3433 facile
1255 3372 1465 3435 demonstrari

296 3485 416 3559 potest.
448 3475 590 3558 primum
606 3477 692 3539 euim
707 3477 818 3540 saluus
841 3498 907 3538 non
930 3477 971 3537 ad
986 3473 1168 3537 Antonium
1183 3475 1238 3537 sed
1253 3476 1293 3537 ad
1308 3478 1465 3558 populum

297 3581 485 3644 Romanum
499 3582 607 3645 referri
622 3584 734 3657 debet,
752 3582 842 3644 cuius
858 3582 950 3644 nulla
963 3579 1085 3643 mentio
1100 3580 1185 3641 facta
1204 3588 1269 3652 est;
1294 3589 1365 3641 tum
1387 3602 1464 3642 ucro

296 3686 398 3749 uerba
413 3687 488 3749 dum
503 3687 663 3751 Antonius
679 3687 824 3750 desciscit
838 3683 993 3770 apodosin
1008 3706 1100 3747 suam
1120 3682 1297 3764 requirunt.
1329 3706 1388 3747 nec
1403 3686 1463 3748 mi-

296 3812 361 3854 nus
377 3802 524 3873 apertum
539 3804 588 3855 cst
603 3815 624 3875 p
643 3801 713 3868 107,
734 3798 751 3853 6
768 3803 842 3855 1111
858 3791 911 3854 cui
925 3791 1082 3874 quaedam
1097 3790 1137 3851 de
1152 3787 1333 3853 Octauiano
1348 3790 1465 3855 omissa

296 3917 378 3960 esse.
399 3896 537 3979 denique
552 3921 573 3981 p
593 3904 664 3972 120,
683 3904 722 3960 20
739 3920 814 3960 cum
829 3897 953 3959 codices
969 3894 1173 3958 scribendum
1188 3914 1257 3956 esse
1273 3896 1408 3959 doceant
1419 3891 1465 3959 ‘et

296 4010 374 4066 tuuc
388 4001 514 4085 quidem
534 4003 569 4064 0.
592 4004 712 4065 Caesar·
726 4010 886 4065 recreatus
902 4010 949 4064 est
963 4023 1001 4063 ee
1020 4000 1151 4063 uulnere
1170 3998 1204 4061 in
1228 4006 1364 4081 tempus,
1382 3993 1460 4077 set',

297 4106 369 4190 quis
385 4127 451 4169 non
466 4107 557 4170 uidet
578 4106 734 4170 excidisse
755 4107 970 4169 narrationem
993 4108 1032 4168 de
1053 4116 1155 4167 morte
1177 4102 1264 4180 eius,
1295 4126 1375 4187 quac
1397 4126 1463 4166 non

296 4212 440 4275 multum
454 4224 527 4294 post
543 4226 652 4275 secuta
668 4211 737 4275 est?

384 4319 481 4386 Quod
496 4319 590 4380 modo
606 4319 645 4380 de
660 4316 785 4379 lacunis
801 4317 1063 4392 obseruauimus,
1089 4339 1176 4379 nunc
1199 4323 1228 4378 Β
1243 4336 1282 4376 cx
1306 4320 1357 4388 N,
1375 4333 1462 4374 nunc

296 4428 334 4486 N
343 4445 385 4486 ex
401 4430 430 4484 B
445 4422 587 4504 suppleri
602 4445 706 4506 posse,
732 4442 897 4503 superesse
913 4432 1022 4483 tamen
1038 4445 1119 4505 quae
1135 4421 1262 4504 utrique
1278 4411 1482 4481 communes

298 4547 337 4591 ex
353 4527 535 4610 antiquiore
550 4528 658 4591 codice
672 4527 707 4590 in
723 4532 788 4589 ΒΝ
801 4527 973 4588 translatae
989 4526 1064 4602 sint,
1083 4526 1169 4589 idem
1184 4526 1223 4588 de
1235 4522 1324 4585 omni
1336 4544 1463 4606 corrup-

300 4632 423 4697 tionum
439 4653 557 4717 genere
573 4631 670 4693 ualet.
697 4631 856 4713 permulta
872 4631 978 4706 enim,
1004 4653 1086 4714 quae
1108 4631 1142 4693 in
1166 4637 1194 4690 Β
1208 4639 1358 4710 corrupta
1372 4639 1461 4705 sunt,

330 4748 445 4788 raoavs.
1258 4729 1288 4782 ΙΙ
