3809 5534
717 618 865 663 arraona
881 619 921 676 11,
940 610 983 662 la.
1005 612 1035 663 11
1053 601 1134 686 [1111,
1152 612 1179 663 2.
1197 600 1239 687 3].
1497 606 1557 667 105

412 776 588 829 manauerat
603 766 670 830 late
684 767 880 844 coniuratio,
906 770 1035 833 libellus
1056 770 1154 834 etiam
1177 770 1307 833 Caesari
1326 772 1421 834 datus
1444 774 1556 836 eodem

366 941 368 946 ,
413 871 468 947 die,
493 892 555 935 nec
569 871 721 954 perlitare
741 884 873 939 centum
894 874 1036 939 uictimis
1058 886 1217 958 potuerat.
1253 875 1346 940 uenit
1371 876 1406 938 in
1432 878 1556 941 curiam

413 987 504 1039 tamen
519 976 759 1059 expeditionem
776 980 960 1044 Parthicam
971 981 1141 1045 meditans.
1160 981 1205 1044 ibi
1221 981 1255 1043 in
1266 981 1371 1044 curuli
1387 984 1550 1046 sedentem

414 1103 471 1145 eum
485 1092 619 1145 senatus
634 1082 774 1161 inuasit,
800 1085 966 1169 tribusque
988 1096 1021 1150 et
1043 1086 1162 1169 uiginti
1177 1086 1362 1150 uolneribus
1378 1089 1419 1151 ad
1435 1098 1551 1151 terram

391 1187 488 1251 tdatus
503 1198 565 1252 est.
590 1186 636 1252 sic
658 1188 732 1266 ille,
749 1190 805 1273 qui
821 1202 978 1256 terrarum
992 1194 1101 1255 orbem
1116 1190 1205 1254 ciuili
1221 1192 1379 1276 sanguine
1395 1192 1550 1277 impleue-

412 1303 462 1371 rat,
478 1296 613 1358 tandem
627 1293 696 1379 ipse
710 1295 869 1380 sangnine
884 1319 942 1361 suo
958 1295 1080 1360 curiam
1095 1296 1254 1381 impleuit.

574 1566 699 1631 XIIII.
723 1567 808 1633 RES
825 1566 908 1634 SVB
925 1565 1129 1633 CAESARE
1144 1569 1367 1633 AVGVSTO.

408 1786 542 1873 Populus
557 1791 726 1857 Romanus
741 1795 876 1857 Caesare
891 1806 924 1858 et
938 1794 1093 1878 Pompeio
1116 1795 1282 1860 trucidatis
1296 1796 1414 1860 redisse
1435 1795 1471 1859 in
1486 1807 1549 1860 sta·
1565 1816 1635 1872 1111,
1650 1798 1668 1859 3

405 1903 465 1958 tum
477 1895 655 1979 pristinum
677 1897 833 1962 libertatis
854 1900 1034 1963 uidebatur.
1060 1910 1092 1962 et
1113 1900 1267 1977 redierat,
1290 1902 1353 1966 nisi
1376 1911 1432 1964 aut
1455 1903 1550 1965 Pom·

359 1998 387 2053 ¹⁰
403 2000 487 2083 peius
501 2002 620 2065 liberos
636 2013 693 2066 aut
709 2004 827 2067 Caesar
841 2004 991 2069 heredem
1006 2005 1205 2088 reliquisset,
1227 2007 1282 2069 uel
1289 2054 1299 2083 ,
1316 2007 1402 2089 quod
1414 2017 1549 2089 utroque

400 2105 605 2188 perniciosius
620 2107 683 2170 fuit
691 2155 701 2184 ,
719 2108 746 2171 si
761 2131 829 2172 non
845 2110 967 2194 collega
982 2113 1144 2194 quondam
1152 2158 1163 2187 ,
1179 2132 1256 2173 mox
1271 2111 1416 2174 aemulus
1432 2114 1548 2175 Caesa-

399 2210 502 2275 rianae
516 2212 699 2295 potentiae,
716 2213 772 2276 fax
786 2224 818 2277 et
834 2215 927 2277 turbo
942 2215 1105 2297 sequentis
1121 2214 1240 2278 saeculi
1255 2214 1464 2297 superfuisset
1479 2218 1548 2278 An·

398 2316 515 2381 tonius.
552 2318 672 2402 quippe
701 2321 779 2382 dum
800 2320 918 2382 Sextus
940 2330 1074 2402 patema
1094 2318 1229 2402 repetit,
1257 2320 1455 2403 trepidatum
1480 2331 1548 2384 toto

370 2422 490 2503 „mari3
516 2424 596 2488 dum
610 2423 769 2487 Octauius
784 2434 919 2487 mortem
933 2424 1034 2508 patris
1049 2423 1233 2500 ulciscitur,
1257 2424 1374 2488 iterum
1396 2426 1459 2489 fuit
1481 2449 1547 2489 rno-

347 2528 381 2585 15
396 2529 498 2591 nenda
514 2528 682 2591 Thessalia
690 2553 700 2604 ;
725 2530 804 2592 dum
822 2528 985 2593 Antonius
1007 2528 1097 2591 uario
1118 2528 1249 2612 ingenio
1264 2541 1321 2593 aut
1335 2551 1548 2594 successorem

396 2632 539 2696 Caesaris
555 2632 743 2716 indignatur
757 2633 932 2698 Octauium
947 2643 1003 2697 aut
1026 2653 1131 2695 amore
1146 2633 1333 2716 Cleopatrae
1349 2634 1497 2697 desciscit
1512 2634 1548 2696 in

395 2738 538 2821 reginam
549 2779 578 2808 ..
589 2738 682 2801 aliter
693 2738 802 2802 saluus
815 2759 881 2802 esse
893 2759 961 2802 non
974 2737 1093 2823 potuit,
1107 2738 1170 2801 nisi
1184 2739 1381 2821 confugisset
1393 2741 1433 2802 ad
1448 2739 1547 2803 serui·

396 2852 506 2907 tutem.
532 2843 763 2926 gratulandum
779 2853 887 2906 tamen
902 2855 940 2906 ut
955 2843 990 2905 in
1006 2853 1097 2906 tanta
1110 2843 1350 2925 perturbatione
1365 2855 1432 2921 est,
1461 2848 1547 2929 quod

398 2947 601 3030 potissimum
631 2950 671 3012 ad
700 2948 875 3012 Octauium
890 2950 1065 3031 ¹Caesarem
1086 2951 1273 3032 Augustum
1293 2973 1420 3014 summa
1440 2975 1548 3015 rerum

352 3057 381 3111 21
395 3053 505 3130 rediit,
533 3054 590 3136 qui
610 3053 768 3137 sapientia
792 3077 850 3118 sua
865 3057 969 3137 adque
985 3053 1126 3124 sollertia
1139 3056 1323 3136 perculsum
1346 3058 1488 3140 undique
1510 3081 1547 3121 ac

395 3159 616 3241 perturbatum
638 3158 800 3223 ordinauit
820 3159 945 3243 imperii
967 3180 1081 3241 corpus
1091 3206 1101 3235 ,
1129 3160 1214 3242 quod
1235 3159 1316 3223 haut
1339 3162 1435 3225 dubie
1452 3185 1545 3226 num-

396 3284 491 3348 quam
513 3265 597 3330 coire
620 3275 652 3327 et
672 3264 851 3328 consentire
877 3265 1052 3348 potuisset,
1080 3264 1145 3328 nisi
1167 3264 1264 3328 unius
1284 3268 1439 3350 praesidis
1462 3281 1547 3333 nutu

395 3370 484 3453 quasi
500 3370 609 3434 anima
629 3380 661 3433 et
681 3380 788 3433 mente
809 3381 982 3453 regeretur.
1014 3371 1123 3433 Marco
1144 3370 1288 3434 Antonio
1310 3373 1427 3436 Publio
1448 3374 1545 3436 Dola-

393 3474 476 3539 bella
490 3474 678 3539 consulibus
698 3474 870 3558 imperium
889 3477 1074 3539 Romanum
1093 3476 1158 3537 iam
1173 3476 1213 3537 ad
1228 3476 1396 3539 Caesarem
1413 3478 1545 3540 transfe-

355 3579 379 3633 25
393 3590 481 3643 rente
498 3580 629 3644 fortuna
643 3579 751 3643 uarius
766 3589 798 3643 et
812 3580 984 3663 multiplex
998 3578 1140 3642 ciuitatis
1161 3589 1267 3642 motus
1290 3580 1363 3644 suit.
1396 3582 1546 3664 quodque

393 3683 550 3774 inannua
565 3684 645 3748 caeli
660 3684 867 3748 conuersione
881 3684 950 3748 fieri
967 3685 1048 3748 solet
1056 3731 1066 3760 ,
1096 3694 1133 3748 ut
1147 3695 1235 3747 mota
1256 3685 1360 3748 sidera
1380 3694 1494 3748 tonent
1510 3709 1546 3749 ac

393 3811 466 3854 suos
482 3791 587 3853 flexus
603 3799 791 3874 tempestate
807 3790 1008 3873 significent,
1026 3789 1071 3853 sic
1087 3800 1157 3852 tum
1173 3791 1338 3854 Romanae
1355 3790 1545 3856 dominatio·

393 3895 442 3960 nis
457 3895 493 3959 id
508 3904 557 3959 est
571 3894 706 3958 humaui
726 3895 851 3979 generis
875 3895 1083 3959 conuersione
1104 3894 1233 3977 penitus
1255 3895 1422 3959 intremuit
1445 3898 1545 3959 omni-

392 4235 407 4285 3
419 4232 522 4287 eurulis
533 4244 560 4287 N
570 4230 580 4302 11
593 4234 607 4283 1
621 4233 779 4288 uulneribus
790 4245 810 4287 a
823 4234 831 4304 11
844 4241 873 4286 at
890 4234 932 4305 1111
946 4238 961 4286 5
973 4233 1015 4287 illi
1025 4245 1051 4286 N
1061 4232 1070 4303 11
1085 4237 1097 4284 7
1118 4245 1226 4287 classa
1243 4233 1435 4301 1111111111111
1449 4236 1464 4284 9
1477 4232 1549 4301 pris.

391 4317 465 4372 tinae
475 4330 500 4372 N
512 4317 522 4388 11
534 4316 571 4370 ad
582 4319 690 4387 pompei
701 4332 720 4372 a
733 4319 742 4388 11
758 4322 785 4372 11
802 4335 975 4372 caesareanas
993 4318 1143 4388 potentiam
1161 4330 1179 4370 Β
1192 4317 1201 4387 11
1217 4322 1248 4371 15
1267 4317 1413 4385 111111111Ν11
1429 4318 1460 4367 16
1472 4332 1545 4368 amo·

391 4419 446 4456 rem
457 4415 485 4457 N
494 4402 504 4473 11
521 4405 551 4454 17
564 4402 686 4471 reginam
697 4404 809 4473 compsi:
829 4421 920 4473 regem
939 4421 1002 4457 narn
1013 4414 1057 4455 BN
1067 4402 1077 4473 11
1090 4404 1212 4457 lacunam
1225 4402 1295 4454 aazia
1304 4401 1431 4453 Halmius
1445 4399 1453 4468 Ι1
1470 4402 1500 4452 18
1513 4408 1546 4454 ut

392 4504 433 4539 om
444 4499 469 4539 N
481 4487 490 4558 11
506 4490 538 4539 19
551 4486 749 4556 petissimmum
761 4502 779 4541 B
793 4489 802 4560 11
816 4494 848 4542 20
860 4490 931 4549 redit
942 4502 962 4542 B
975 4489 983 4558 11
997 4487 1107 4541 solertia
1125 4500 1150 4540 Ν
1167 4487 1175 4557 11
1196 4487 1247 4539 hac
1262 4498 1283 4538 N
1303 4487 1311 4555 11
1332 4487 1361 4536 21
1384 4482 1457 4554 quod
1476 4483 1548 4539 itaut

390 4570 472 4625 dubie
491 4583 518 4624 Ν
528 4571 538 4641 11
552 4574 584 4623 23
601 4577 719 4624 mentem
738 4573 778 4642 1111
793 4578 824 4626 24
849 4590 968 4626 caesares
986 4585 1012 4625 Ν
1022 4573 1031 4642 11
1044 4573 1249 4625 transferentem
1265 4583 1285 4621 B
1298 4568 1306 4639 11
1320 4566 1546 4639 2511101113126

389 4654 597 4711 conuersatione
614 4655 700 4726 111121
714 4674 775 4709 eum
786 4668 811 4710 Ν
822 4656 830 4727 11
845 4662 876 4710 28
890 4658 1007 4709 humane
1027 4657 1041 4708 b
1055 4656 1064 4727 1
1078 4655 1281 4709 conuersatione
1292 4667 1312 4708 B
1325 4654 1334 4725 11
