3809 5534
681 615 827 660 serrone
845 617 869 671 1,
887 608 999 659 28-31
1018 598 1071 682 [rr,
1090 599 1226 685 12-1a].
1496 604 1537 667 19

407 757 535 824 Thraciae
550 785 679 847 quoque
695 765 828 830 auxiliis
845 766 1031 850 ingentibus
1054 768 1200 832 ualidum
1224 780 1342 833 temere
1365 774 1537 855 temptauit

346 931 349 936 ,
410 865 544 931 inualidus
560 880 657 953 atque
671 893 738 933 non
754 894 775 935 a
795 872 881 936 ueris
902 873 1051 956 regibus,
1077 876 1133 937 sed
1155 876 1196 938 ab
1217 874 1274 937 illo
1292 875 1483 960 imaginario
1506 889 1537 943 ct

412 974 527 1037 scaenico
541 996 617 1058 rege
632 986 802 1060 superatus
819 988 880 1041 est.
906 980 962 1041 sed
984 979 1117 1041 consule
1139 980 1272 1045 Metello
1294 981 1449 1046 amissum
1463 1006 1537 1047 cum

412 1076 508 1161 legione
532 1091 712 1162 praetorem
737 1082 924 1166 plenissime
945 1084 1034 1147 ultus
1057 1096 1116 1147 est.
1155 1097 1285 1149 namet
1312 1088 1538 1153 Macedoniam

393 1183 538 1247 tremitute
553 1186 709 1250 multauit
725 1197 757 1250 et
772 1189 887 1252 ducem
901 1189 980 1252 belli
996 1189 1142 1253 deditum
1164 1192 1204 1253 ab
1227 1212 1264 1253 co
1290 1193 1331 1255 ad
1352 1214 1448 1275 quern
1463 1216 1537 1258 con-

411 1286 507 1371 fugerat
520 1292 676 1356 Thraciae
699 1292 810 1376 regulo
831 1294 865 1357 in
889 1296 1002 1358 urbem
1017 1296 1052 1357 in
1067 1297 1189 1360 catenis
1210 1296 1357 1374 reduxit,
1383 1299 1443 1362 hoc
1459 1321 1536 1382 quo-

412 1413 455 1473 que
466 1394 507 1459 illi
521 1396 555 1459 in
571 1397 665 1461 malis
682 1398 749 1462 suis
772 1398 963 1483 indulgente
986 1401 1116 1464 fortuna
1137 1412 1175 1465 ut
1196 1403 1235 1465 de
1256 1423 1294 1464 eo
1315 1403 1455 1484 populus
1471 1405 1536 1466 Ro·

346 1569 349 1582 ,
411 1517 498 1565 nanus
513 1502 604 1585 quasi
620 1504 659 1567 de
674 1525 748 1587 rege
764 1526 840 1569 uero
856 1505 1080 1589 triumpharet.

548 1760 684 1823 XXXI.
710 1760 895 1824 BELLVM
911 1762 1122 1825 PVNICVM
1138 1764 1308 1826 TERTIV
1310 1764 1358 1825 M.

374 1974 393 2025 11
407 1968 527 2043 Tertium
543 1980 706 2044 Punicum
719 1980 843 2044 bellum
858 1992 891 2044 et
912 1990 1054 2065 tempore
1077 1980 1232 2065 exiguum
1254 1985 1349 2063 (narn
1365 1982 1587 2064 quadrien-11,
1606 1988 1644 2048 15

404 2076 446 2143 nlo
457 2097 579 2169 raptum
594 2089 663 2169 est)
686 2097 719 2149 ct
739 2086 774 2148 in
797 2086 1068 2171 comparationem
1082 2087 1227 2171 priorum
1241 2086 1414 2150 minimum
1429 2088 1537 2151 labora

403 2182 562 2260 (nonenim
576 2202 645 2255 tam
666 2214 740 2255 cum
763 2191 841 2255 uiris
862 2215 960 2275 quam
982 2214 1056 2255 cum
1078 2192 1149 2275 ipsa
1170 2194 1248 2255 urbe
1269 2204 1451 2276 pugnatum
1473 2198 1535 2275 est)

401 2298 426 2351 et
435 2295 521 2377 plane
536 2297 716 2360 maximum
731 2309 869 2361 euentu:
896 2298 1015 2381 quippe
1035 2299 1167 2360 tandem
1182 2298 1343 2382 Carthago
1364 2299 1458 2362 finita
1474 2310 1532 2362 est.

399 2397 498 2484 adquin
529 2403 556 2466 si
584 2402 655 2485 quis
683 2403 781 2467 trium
810 2414 992 2487 temporum
1021 2414 1184 2467 momenta
1206 2405 1403 2481 consideret,
1431 2405 1534 2489 primo

365 2499 385 2552 ¹⁵
399 2508 586 2572 commissum
601 2519 650 2572 est
672 2508 834 2572 Punicum
854 2509 997 2585 ballum,
1025 2509 1232 2593 profligatum
1252 2512 1411 2586 secunde,
1441 2510 1534 2572 tertio

396 2627 455 2677 uero
469 2613 653 2678 confectum
669 2626 727 2678 est.
753 2616 809 2678 sed
824 2614 923 2677 huius
939 2637 1037 2678 causa
1051 2614 1147 2690 belli,
1170 2618 1256 2697 quod
1271 2627 1383 2679 contra
1396 2615 1533 2679 foederis

392 2710 481 2801 legem
497 2721 651 2784 aduersus
667 2720 826 2785 Numidas
843 2720 984 2803 quidem,
1002 2722 1058 2783 sed
1072 2731 1239 2803 parassent
1254 2720 1389 2783 classem
1400 2732 1432 2784 et
1445 2742 1532 2783 exer-

391 2822 489 2888 citum.
515 2825 666 2909 frequens
682 2837 790 2889 autem
807 2825 998 2889 Massinissa
1019 2826 1094 2888 finis
1117 2824 1301 2901 territabat;
1328 2828 1383 2905 sed
1404 2826 1480 2890 huic
1496 2837 1533 2889 ut

388 2928 462 2994 hono
478 2929 627 3014 socioque
643 2931 712 3015 regi
727 2932 905 2995 fauebatur.
925 2953 999 2994 curn
1014 2931 1152 2994 debello
1169 2933 1304 3008 sederet,
1322 2933 1360 2994 de
1375 2931 1454 2995 belli
1468 2935 1533 2995 fine

346 3030 370 3091 ²⁰
384 3045 551 3101 tractatum
566 3045 624 3100 est.
650 3038 730 3100 Cato
745 3036 934 3119 inexpiabili
950 3036 1022 3099 odio
1038 3037 1207 3100 delendam
1220 3059 1288 3101 esse
1304 3038 1534 3121 Carthaginem

382 3154 500 3207 etcum
515 3144 555 3206 de
571 3142 634 3207 alio
649 3143 869 3206 consuleretur
884 3132 1126 3226 pronuntiabat,
1145 3142 1253 3226 Scipio
1268 3142 1389 3207 Nasica
1404 3166 1532 3208 seruan-

380 3250 463 3325 dam,
479 3270 522 3311 ne
538 3258 628 3311 metu
643 3248 750 3311 ablato
766 3249 909 3313 aemulae
930 3247 1088 3310 luxuriari
1103 3247 1239 3311 felicitas
1255 3248 1343 3313 urbis
1359 3248 1530 3332 inciperet3

378 3354 521 3418 medium
537 3364 668 3417 senatus
684 3354 781 3438 elegit
790 3403 800 3432 ,
829 3365 866 3418 ut
888 3355 965 3416 urbs
989 3364 1118 3416 tantum
1139 3354 1209 3417 loco
1230 3366 1424 3418 moueretur.
1450 3353 1534 3416 nihil

378 3462 464 3525 enim
479 3460 654 3545 speciosius
676 3459 846 3523 uidebatur
872 3482 970 3543 quam
994 3482 1062 3523 esse
1083 3459 1331 3543 Carthaginem,
1364 3482 1445 3543 quae
1468 3481 1533 3521 non

348 3578 361 3628 5
380 3567 558 3630 timeretur.
583 3565 683 3649 igitur
698 3564 835 3628 Manilio
851 3566 1093 3649 Censorinoque
1108 3565 1296 3629 consulibus
1311 3564 1451 3648 populus
1467 3567 1532 3626 Ro-

378 3693 494 3735 manus
518 3672 686 3754 adgressus
710 3670 941 3753 Carthaginem
963 3693 1019 3755 spe
1039 3670 1127 3755 pacis
1143 3670 1261 3733 iniecta
1277 3670 1428 3733 traditam
1444 3692 1462 3733 a
1476 3691 1533 3733 uo-

378 3776 522 3844 lentibus
539 3776 674 3840 classem
689 3776 749 3839 sub
764 3776 834 3862 ipso
850 3799 903 3839 ore
918 3777 1007 3840 urbis
1022 3775 1176 3838 incendit.
1203 3787 1273 3838 tum
1288 3776 1430 3840 euocatis
1445 3776 1533 3860 prin·

378 3883 522 3968 cipibus,
548 3881 575 3944 si
591 3881 675 3944 salui
697 3904 764 3945 esse
788 3882 911 3945 uellent
933 3893 971 3945 ut
995 3881 1170 3964 migrarent
1185 3881 1324 3958 finibus,
1348 3882 1531 3966 imperauit.

384 4090 391 4137 1
408 4084 545 4139 thrascias
559 4085 574 4137 a
587 4086 595 4156 11
610 4089 625 4138 2
637 4086 783 4151 inualidus,
798 4094 879 4156 atque
891 4085 1002 4155 carpsi:
1021 4085 1212 4156 inualidusqne
1229 4098 1262 4151 Β,
1277 4086 1450 4156 inuictusque
1462 4098 1487 4137 N
1498 4088 1505 4153 11
1519 4102 1535 4136 a

382 4188 422 4222 om
433 4184 453 4223 Β
466 4171 475 4241 11
490 4174 505 4222 3
520 4177 662 4241 superatus
675 4172 722 4224 sed
734 4183 759 4223 N
769 4171 777 4241 11
791 4171 886 4223 consul
897 4170 1022 4223 metellus
1034 4183 1053 4222 Β
1066 4172 1074 4240 11
1088 4172 1146 4224 5ad
1159 4172 1182 4235 b,
1197 4178 1250 4224 aaa
1263 4170 1272 4241 11
1286 4171 1410 4224 sstrhacie
1421 4183 1441 4224 Β
1454 4171 1462 4239 11
1476 4176 1489 4221 ῖ
1505 4177 1536 4221 ut

383 4256 432 4308 deo
444 4267 470 4309 N
481 4256 491 4326 11
506 4259 537 4308 10
550 4256 661 4309 tertium
674 4273 735 4309 cum
747 4255 829 4308 africa
840 4255 942 4308 bellum
954 4269 979 4308 N
990 4256 998 4324 11
1015 4259 1042 4308 11
1058 4263 1193 4325 patratum
1209 4267 1234 4307 N
1244 4255 1253 4325 11
1267 4256 1466 4327 comparatione
1479 4266 1504 4306 N
1515 4254 1525 4323 11

382 4343 412 4392 13
430 4340 480 4394 sed
497 4340 578 4410 plane
596 4341 713 4393 maximo
729 4353 755 4393 N
766 4341 773 4410 11
787 4347 916 4393 euentum
933 4353 952 4393 Β
966 4340 974 4408 11
991 4344 1020 4392 11
1039 4348 1120 4410 atque
1136 4352 1161 4392 N
1171 4341 1180 4410 11
1195 4343 1225 4392 15
1244 4340 1373 4409 punicum
1392 4358 1433 4391 om
1445 4352 1470 4392 N
1481 4341 1489 4409 11
1506 4342 1536 4391 16

382 4434 422 4480 est
440 4444 485 4478 orn
496 4438 522 4478 N
532 4425 541 4495 11
557 4429 586 4477 11
605 4442 634 4478 se
645 4433 765 4496 parasset
776 4436 801 4477 N
811 4426 820 4495 11
833 4432 953 4495 parasset
966 4426 981 4477 b
994 4426 1002 4495 11
1018 4429 1049 4478 18
1062 4425 1221 4479 Massinissa
1238 4424 1349 4493 scripsi.-
1367 4424 1538 4477 massinissae

383 4523 425 4562 ΒΝ
435 4511 444 4580 11
460 4513 492 4563 18
505 4510 571 4563 fines
583 4523 606 4563 N
618 4510 627 4581 11
641 4518 672 4563 ut
682 4528 724 4562 cm
736 4522 761 4562 N
771 4510 780 4580 11
796 4513 826 4562 19
840 4527 900 4563 cum
912 4511 984 4563 bello
997 4524 1021 4563 N
1032 4512 1040 4583 11
1054 4511 1112 4564 sine
1123 4517 1239 4563 tractum
1252 4510 1295 4579 Ν1
1309 4512 1341 4562 20
1354 4508 1437 4561 hodio
1449 4522 1468 4561 Β
1482 4511 1490 4580 11
1505 4513 1534 4563 21

384 4596 456 4648 nasio
475 4607 501 4648 N
511 4595 520 4664 11
534 4599 566 4648 22
586 4595 707 4648 aemulae
726 4596 800 4648 urbis
812 4608 862 4660 ΒΝ,
877 4597 952 4649 urbis
965 4598 1008 4650 del
1024 4594 1221 4650 Freinshemius
1235 4596 1244 4663 11
1258 4597 1289 4645 23
1304 4594 1387 4667 elegit
1399 4595 1473 4647 urbis
1487 4596 1502 4647 b
1516 4597 1525 4666 11

385 4682 415 4733 26
428 4679 531 4733 intecta
541 4692 565 4732 N
577 4680 586 4750 11
599 4683 632 4734 28
645 4680 805 4750 imperatum
817 4693 842 4733 N
852 4682 860 4750 11

420 4777 536 4819 moavs.
1324 4784 1340 4833 4
