3809 5534
457 589 498 648 62
955 606 1023 648 rvrr
1042 606 1137 650 noar

457 776 533 819 mox
547 754 716 837 oognimm
729 767 790 829 est,
807 776 848 817 ex
863 754 1033 837 splendore
1047 757 1214 838 galearum
1228 778 1300 820 aere
1321 779 1509 841 repercusso
1526 761 1615 843 quasi

457 862 568 923 ardere
581 860 707 923 caelum
729 860 906 923 uideretur.
942 882 1003 923 nec
1022 862 1128 925 minor
1149 885 1225 926 cum
1245 864 1399 928 uxoribus
1423 887 1538 929 eorum
1558 888 1613 949 pu-

454 989 521 1049 gna
533 988 632 1049 quam
645 987 722 1028 cum
736 966 817 1048 ipsis
828 966 909 1041 fuit;
936 988 1013 1029 cunr
1023 967 1157 1031 obiectis
1178 968 1323 1052 undique
1343 971 1499 1052 plaustris
1523 982 1614 1056 atque

458 1072 619 1155 carpentis
642 1072 729 1134 altae
750 1073 886 1154 desuper
899 1073 1064 1136 securibus
1079 1074 1246 1156 contisque
1267 1089 1461 1158 pugnarent.
1487 1078 1615 1160 perinde

459 1178 1150 1262 speciosamorsearumfuitquampugna.
1174 1202 1252 1243 nam
1273 1203 1349 1244 cum
1367 1182 1468 1245 missa
1491 1185 1660 1246 adila-5

459 1284 544 1347 rium
558 1283 720 1367 legatione
734 1285 918 1348 libertatem
932 1306 970 1347 ac
986 1285 1200 1348 sacerdotium
1214 1308 1280 1348 non
1299 1287 1519 1369 inpetrassent
1540 1292 1614 1370 (nec

461 1390 509 1453 fas
523 1393 632 1472 erat),
649 1391 812 1454 suffocatis
833 1389 985 1472 elisisque
1006 1390 1127 1472 passim
1146 1390 1326 1456 infantibus
1341 1393 1408 1456 suis
1424 1404 1482 1456 aut
1497 1394 1614 1457 mutuis

461 1496 628 1560 concidere
642 1496 831 1560 uulneribus
846 1507 904 1557 aut
918 1495 1052 1559 uinculo
1066 1517 1084 1558 e
1098 1495 1240 1560 crinibus
1256 1498 1323 1561 suis
1342 1499 1428 1561 facto
1443 1499 1485 1561 ab
1502 1498 1613 1561 arbori-

461 1604 523 1665 bus
545 1601 693 1684 iugisque
713 1602 931 1683 plaustrorum
950 1602 1182 1683 pependenmt.
1221 1602 1353 1667 Boiorix
1379 1626 1438 1668 rex
1458 1605 1496 1667 in
1517 1604 1615 1687 prima

463 1708 530 1771 acie
545 1708 702 1771 dimicans
716 1705 842 1787 inpigre
857 1728 916 1769 nec
931 1706 1058 1769 inultus
1073 1707 1240 1770 occiditur.
1641 1722 1659 1770 1

549 1812 658 1875 Tertia
673 1810 904 1892 Tigurinorum
917 1834 1052 1888 manus,
1069 1836 1152 1895 quae
1167 1814 1259 1896 quasi
1273 1815 1308 1876 in
1324 1814 1468 1879 subsidio
1484 1816 1615 1880 Noricos

463 1919 624 1981 insederat
638 1916 773 1998 Alpium
788 1918 949 1993 tumulos,
972 1917 1008 1981 in
1022 1918 1148 1982 diuersa
1163 1919 1271 2001 elapsa
1284 1920 1362 2003 Iuga
1375 1920 1516 2004 ignobili
1530 1933 1562 1986 et
1575 1923 1615 1985 la-

465 2023 609 2087 trociniis
629 2024 774 2087 euanuit.
810 2024 898 2086 hunc
923 2034 991 2086 tam
1016 2024 1138 2087 laetum
1163 2035 1293 2107 tamque
1318 2023 1446 2088 felicem
1469 2027 1616 2091 liberatae

466 2129 581 2192 Italiae
596 2130 777 2212 adsertique
792 2128 919 2212 imperii
933 2128 1088 2192 nuntium
1102 2152 1169 2193 non
1183 2152 1240 2212 per
1254 2130 1414 2207 homines,
1431 2143 1471 2195 ut
1486 2134 1613 2209 solebat,

465 2237 604 2319 populus
619 2238 787 2299 Romanus
802 2235 935 2317 accepit,
953 2237 1009 2299 sed
1023 2258 1081 2317 per
1094 2236 1192 2318 ipsoS,
1209 2236 1237 2298 si
1251 2237 1378 2299 credere
1391 2237 1441 2300 fas
1452 2249 1516 2314 est,
1533 2240 1611 2302 deos.
1630 2248 1650 2297 1⁵

466 2343 586 2425 quippe
608 2344 719 2404 eodem
743 2342 795 2405 die
826 2362 889 2423 quo
903 2351 995 2423 gesta
1009 2363 1060 2404 res
1082 2354 1131 2404 est
1158 2341 1222 2404 uisi
1243 2363 1301 2423 pro
1322 2344 1400 2406 aede
1423 2344 1569 2409 Pollucis
1587 2356 1614 2407 et

467 2445 608 2513 Castoris
624 2446 758 2509 iuuenes
773 2446 932 2509 laureatas
947 2447 1087 2529 praetori
1107 2447 1230 2510 litteras
1250 2449 1337 2524 dare,
1354 2448 1569 2533 frequensque
1585 2450 1614 2511 in

467 2553 650 2636 spectaculo
671 2573 779 2613 rumor
806 2552 960 2615 uictoriae
990 2552 1170 2616 Cimbricae
1199 2595 1234 2621 ..
1261 2554 1347 2634 quod
1370 2554 1407 2616 in
1432 2555 1615 2637 gladiatorio

466 2679 599 2722 munere
614 2657 684 2719 fieri
698 2658 779 2720 solet
790 2650 976 2721 ‘feliciterl'
993 2656 1086 2720 dixit.
1118 2680 1181 2740 quo
1192 2658 1271 2740 quid
1285 2658 1530 2737 admirabilius,
1547 2660 1614 2743 quid
1652 2647 1655 2653 ’

467 2763 626 2846 insignius
641 2763 711 2825 fieri
731 2762 857 2844 potest?
883 2764 1002 2846 quippe
1024 2764 1117 2825 uelut
1138 2764 1222 2826 elata
1243 2764 1408 2829 montibus
1430 2767 1501 2830 suis
1523 2770 1648 2830 Romatt

468 2868 650 2950 spectaculo
664 2867 742 2929 belli
753 2865 933 2944 interesset,
950 2891 1018 2931 uno
1033 2870 1207 2952 eodemque
1222 2883 1397 2948 momento,
1415 2894 1493 2935 cum
1507 2872 1543 2935 in
1557 2871 1615 2935 acie

469 2973 592 3038 Cimbri
608 2974 864 3050 succumberent,
880 2974 1021 3056 populus
1035 2974 1072 3036 in
1086 2975 1166 3038 urbe
1180 2976 1364 3057 plaudebat.

702 3197 908 3260 XXXVIII.
934 3197 1119 3260 BELLVM
1135 3198 1392 3262 THRACIVM.

362 3404 416 3458 111,
434 3384 454 3442 4
470 3386 550 3448 Post
564 3382 776 3457 MacedonaS,
794 3380 822 3443 si
836 3381 885 3444 dis
900 3381 1023 3462 placet,
1041 3382 1180 3445 Thraces
1195 3384 1351 3446 rebellant
1359 3430 1369 3459 ,
1396 3383 1448 3447 illi
1463 3388 1616 3468 quondam

468 3487 630 3552 tributarii
641 3488 869 3562 Macedonum,
885 3508 945 3549 nec
957 3486 993 3548 in
1003 3488 1164 3569 proximas
1176 3491 1271 3552 modo
1282 3488 1468 3571 prouincias
1481 3490 1615 3555 contenti
1630 3496 1650 3547 25

468 3595 650 3668 incurrere,
673 3593 874 3657 Thessaliam
893 3603 990 3675 atque
1012 3593 1228 3669 Delmatiam,
1257 3594 1293 3655 in
1315 3594 1522 3660 Adriaticum
1541 3618 1617 3660 mare

470 3722 571 3783 usque
586 3710 764 3774 uenerunt;
790 3721 889 3781 coque
904 3700 969 3761 fine
984 3698 1119 3773 retenti,
1137 3698 1228 3781 quasi
1243 3699 1481 3774 interueniente
1497 3715 1615 3775 natura,

474 3983 629 4053 lplcndore
646 3995 690 4036 ΒΝ
705 3984 714 4053 ΗΗ
732 3985 880 4053 gallearum
897 3998 917 4037 Β
937 3985 946 4055 ΗΗ
968 4002 1028 4037 aere
1047 4002 1205 4054 repercusso
1222 3984 1333 4053 scripsi.-
1351 4002 1413 4037 aere
1425 4003 1583 4057 percussum
1594 3986 1614 4048 d,

469 4088 530 4123 aere
542 4086 669 4139 percusso
682 4082 717 4134 Β,
737 4087 768 4122 ac
784 4087 943 4140 repercussu
955 4082 980 4121 N
996 4070 1005 4139 l
1026 4087 1107 4139 quam
1119 4067 1211 4121 ardere
1223 4080 1243 4121 Β
1259 4070 1268 4138 Η
1289 4074 1303 4121 l
1324 4070 1379 4123 tlte
1391 4071 1511 4142 desuper
1524 4072 1616 4143 quasie

469 4156 588 4209 turribus
600 4154 700 4207 lanceis
712 4154 852 4223 contisque
864 4164 889 4204 N
900 4154 908 4222 ΗΗ
923 4158 937 4206 8
950 4154 984 4205 ab
997 4172 1039 4205 om
1050 4166 1069 4205 Β
1081 4154 1090 4222 Η
1104 4153 1390 4222 tlplaustrorumqueB
1403 4155 1412 4224 Η
1425 4153 1542 4210 Boiorix
1556 4158 1616 4209 Gru-

470 4246 557 4293 terus:
571 4239 670 4291 boleris
681 4252 709 4302 B,
723 4238 839 4291 boeleris
850 4251 875 4290 Ν
886 4238 894 4307 Η
907 4239 994 4307 prima
1005 4256 1047 4289 om
1058 4250 1083 4289 Ν
1094 4237 1103 4307 ΗΗ
1119 4240 1149 4290 10
1162 4238 1290 4292 occubuit
1306 4249 1332 4290 N
1342 4238 1351 4308 Η
1367 4241 1395 4290 ll
1415 4239 1528 4294 noricus
1538 4253 1558 4293 Β
1569 4240 1577 4309 ΗΗ
1590 4241 1615 4289 12

469 4326 561 4395 elapsa
572 4323 684 4393 ambri:
702 4323 786 4392 elapsi
797 4335 825 4386 B,
840 4323 909 4391 lapsi
921 4334 946 4375 N
957 4322 965 4393 ΗΗ
979 4341 993 4375 e
1006 4322 1155 4374 latrociniis
1165 4335 1185 4375 Β
1198 4323 1207 4393 ΗΗ
1229 4326 1260 4375 15
1272 4322 1312 4375 fas
1326 4317 1368 4376 est
1379 4323 1403 4375 si
1415 4325 1527 4379 credere
1537 4339 1557 4381 Β
1568 4325 1576 4393 ΗΗ
1589 4326 1615 4374 16

469 4411 543 4478 quod
554 4422 574 4463 Β
587 4409 596 4480 ΗΗ
609 4409 662 4463 uisi
674 4409 772 4479 praede
783 4419 803 4460 Β
816 4407 825 4477 ΗΗ
841 4410 870 4459 17
885 4414 1002 4459 castores
1014 4419 1033 4459 Β
1046 4406 1055 4477 ΗΗ
1073 4406 1188 4460 laureati
1198 4420 1224 4460 N
1240 4408 1249 4479 ΗΗ
1269 4408 1375 4461 tradere
1386 4421 1410 4461 N
1428 4410 1438 4479 l
1460 4412 1492 4462 18
1506 4408 1577 4480 quod
1587 4434 1613 4445 -

468 4495 537 4548 solet
543 4500 608 4563 post
619 4495 761 4548 interesset
767 4497 874 4561 ponunt
883 4503 928 4543 ΒΝ
938 4492 947 4561 ΗΗ
967 4495 999 4543 20
1011 4499 1074 4561 pote
1087 4499 1129 4545 cst
1139 4505 1159 4545 Β
1177 4492 1185 4561 Η
1206 4496 1239 4545 22
1253 4492 1361 4545 cimbris
1372 4506 1399 4547 N
1415 4494 1424 4563 Η
1445 4497 1478 4546 23
1491 4501 1613 4547 xxxvlm

467 4589 486 4628 Β
500 4580 508 4647 ΗΗ
521 4591 688 4632 ΤΗΒΑΤΙΒΝἯ
700 4591 725 4631 N
736 4579 744 4648 ΗΗ
759 4582 791 4630 24
804 4568 839 4628 sic
850 4588 870 4628 Β
883 4576 891 4645 ΗΗ
910 4576 1078 4627 rebellabant
1088 4589 1114 4628 N
1125 4578 1133 4645 Η
1146 4577 1199 4646 ipsi
1209 4590 1235 4630 N
1245 4578 1254 4646 ΗΗ
1268 4582 1301 4631 26
1313 4578 1456 4632 thesaliam
1467 4591 1487 4633 Β
1499 4578 1509 4648 ΗΗ
1522 4577 1611 4631 dalma-

467 4661 533 4714 tiam
546 4676 591 4716 BN
601 4663 610 4732 ΗΗ
622 4663 800 4717 hadriaticum
811 4672 837 4712 N
847 4660 856 4729 ΗΗ
869 4664 901 4713 2ῖ
910 4659 964 4713 sini
975 4672 1000 4712 N
1011 4660 1019 4730 ΗΗ
1032 4660 1130 4713 retenti
1146 4662 1295 4716 Graeceius:
1309 4664 1430 4717 contenti
1441 4675 1485 4716 ΒΝ
1495 4663 1505 4733 ΗΗ
