3809 5534
674 658 681 672 ,
766 593 1154 678 E?1TONA1,39[111,5].
1502 598 1543 658 65

418 760 552 826 inAsiam
566 773 783 848 transgressus
797 762 904 847 ipsum
919 762 1081 846 opprimit.
1106 774 1139 827 et
1161 763 1357 826 debellatum
1371 764 1463 840 soret,
1480 763 1544 828 nisi

419 866 449 927 de
468 868 645 932 Mithridate
670 868 868 951 triumphare
894 867 958 932 cito
983 891 1081 951 quam
1106 891 1181 932 uere
1206 869 1382 932 maluisset.
1411 891 1447 932 ac
1473 880 1545 932 tum

419 971 521 1053 quidem
534 975 622 1038 bunc
642 974 739 1038 Asiae
754 986 875 1038 statum
896 975 988 1038 Sulla
1009 975 1149 1038 dederat.
1180 975 1283 1038 ictum
1304 996 1379 1038 eum
1400 974 1544 1040 Ponticis

419 1076 516 1156 hedua
536 1081 656 1163 recepit
671 1081 860 1165 Bithyniam
875 1102 979 1163 arege
986 1081 1192 1156 Nicomedes,
1215 1081 1445 1143 Ariobarzanes
1461 1080 1544 1161 Cap

393 1186 573 1264 tpadoeiam,
605 1187 683 1250 Asia
698 1209 807 1250 rursus
823 1197 952 1261 nostra,
969 1198 1006 1248 ut
1018 1197 1182 1268 coeperat,
1199 1186 1405 1249 Mithridates
1418 1195 1545 1249 tantum

346 1345 348 1356 .
418 1292 548 1372 repulsus.
566 1292 677 1374 itaque
691 1315 757 1355 non
772 1294 867 1376 fregit
882 1314 920 1355 ea
934 1313 984 1355 res
1000 1292 1165 1367 Ponticos,
1182 1292 1238 1355 scd
1253 1291 1408 1354 incendit.
1427 1290 1546 1374 quippe

346 1383 349 1484 1
415 1413 455 1457 rer
465 1398 539 1461 Asia
554 1408 587 1460 et
603 1399 732 1480 Europa
746 1400 886 1482 quodam
900 1399 996 1461 modo
1011 1398 1173 1460 inescatus
1187 1419 1254 1459 non
1275 1396 1341 1459 iam
1362 1397 1453 1478 quasi
1469 1395 1545 1458 alie-

346 1491 348 1510 '
415 1519 479 1579 nam,
496 1505 564 1579 sed,
582 1503 657 1586 quia
672 1504 841 1579 amiserat,
859 1503 950 1586 quasi
965 1514 1091 1585 raptam
1104 1503 1183 1566 belli
1197 1503 1266 1566 iure
1282 1503 1455 1584 repetebat.
1485 1500 1545 1584 igi-

412 1614 451 1669 tur
461 1620 496 1671 ut
509 1610 655 1673 extincta
668 1631 782 1691 parum
796 1609 933 1672 fideliter
949 1609 1098 1671 incendia
1119 1608 1238 1672 maiore
1259 1609 1389 1671 flamma
1410 1606 1545 1670 reuiuis-

356 1787 360 1796 .
380 1716 399 1780 ll
411 1725 489 1790 cunt,
512 1715 561 1777 ita
574 1715 630 1776 ille
645 1716 685 1777 de
699 1714 843 1798 integro,
861 1713 963 1777 auctis
978 1714 1132 1777 maiorem
1146 1714 1181 1776 in
1195 1715 1328 1777 modum
1342 1712 1460 1795 copiis,
1478 1722 1547 1775 tota

411 1817 531 1902 denique
546 1819 640 1902 regni
654 1818 705 1883 sui
719 1821 804 1883 mole
819 1820 854 1882 in
869 1819 983 1882 Asiam
1002 1841 1111 1882 rursus
1135 1819 1217 1883 mari
1237 1830 1320 1883 terra
1342 1818 1545 1883 fluminibus·

405 1943 454 2005 que
467 1925 631 1988 ueniebat.

476 2031 634 2115 Cyzicus,
650 2030 768 2094 nobilis
783 2031 916 2107 ciuitas,
941 2053 1012 2095 arce
1033 2031 1202 2095 moenibus
1225 2044 1320 2114 portu
1343 2030 1547 2113 turribusque

400 2137 576 2199 marmoreis
591 2137 752 2200 Asiaticae
768 2138 881 2219 plagae
896 2136 991 2199 litora
1006 2136 1169 2199 inlustrat.
1194 2136 1278 2198 hanc
1293 2137 1348 2199 illc
1361 2135 1453 2217 quasi
1468 2136 1545 2196 alte·

367 2243 459 2303 liram
474 2243 616 2305 Romam
628 2253 699 2304 toto
713 2241 876 2304 inuaserat
898 2243 994 2304 bello.
1028 2243 1083 2304 sed
1104 2241 1257 2303 fiduciam
1280 2241 1448 2324 oppidanis
1469 2240 1546 2302 resi·

396 2346 496 2409 stendi
509 2346 647 2410 nuntius
665 2346 752 2423 lecit,
770 2348 886 2409 docens
901 2348 1075 2409 aduentare
1088 2347 1274 2423 Lucullum,
1292 2346 1348 2429 qui
1363 2384 1397 2395 -
1418 2345 1547 2409 orribile

395 2451 478 2516 dictu
494 2475 610 2536 —per
631 2452 752 2515 medias
774 2452 917 2515 hostium
939 2473 1040 2514 naues
1062 2462 1133 2514 utre
1160 2474 1334 2536 suspensus
1356 2463 1389 2515 et
1410 2452 1545 2535 pedibus

393 2555 448 2619 iter
462 2559 669 2641 gubernans,
686 2557 871 2621 uidentibus
887 2558 999 2640 procul
1018 2556 1109 2638 quasi
1123 2556 1248 2619 marina
1262 2557 1370 2639 pristis
1387 2568 1542 2620 euaserat.

392 2682 463 2725 mox
487 2663 579 2725 clade
602 2684 775 2738 conuersa,
798 2685 872 2726 cum
892 2685 933 2725 ex
955 2683 1044 2724 mora
1066 2661 1181 2724 obsidii
1202 2684 1311 2743 regem
1330 2662 1430 2725 fernes
1452 2674 1546 2726 etex
1591 2657 1599 2669 ’

357 2769 378 2824 ll
391 2766 471 2830 fame
487 2767 674 2849 pestilentia
689 2778 852 2851 urgueret,
869 2769 1071 2831 recedentem
1083 2766 1239 2829 Lucullus
1252 2766 1437 2849 adsequitur
1452 2770 1545 2833 adeo-

391 2894 447 2955 que
463 2872 572 2935 caedit
586 2883 629 2935 .ut
652 2872 811 2935 Granicus
828 2883 859 2935 et
879 2875 1024 2955 Aesepus
1048 2894 1158 2934 amnes
1178 2872 1303 2935 cruenti
1324 2874 1542 2938 redderentur.

389 2999 443 3041 rex
466 2978 605 3041 callidus
627 2980 856 3059 Romanaeque
878 2976 1032 3039 auaritiae
1053 2977 1175 3060 peritus
1198 2977 1304 3060 spargi
1325 3000 1440 3041 aurum
1463 2982 1545 3045 asu-

388 3083 552 3166 gientibus
568 3093 600 3144 et
615 3083 785 3164 pecuniam
799 3082 905 3158 iussit,
923 3103 987 3164 qua
1002 3093 1170 3165 sequentes
1186 3094 1374 3145 moraretur.
1398 3106 1459 3147 nec
1473 3086 1543 3148 feli·

388 3189 453 3252 cior
467 3188 503 3250 in
518 3185 601 3249 mari
616 3209 712 3269 quam
734 3198 818 3251 terra
840 3188 927 3269 fuga.
954 3186 1072 3269 quippe
1094 3198 1224 3250 eentum
1247 3189 1385 3270 amplius
1408 3190 1545 3255 nauium

346 3292 371 3351 ²5
389 3295 524 3358 classem
539 3304 693 3378 apparatu
707 3293 785 3356 belli
799 3314 931 3376 grauem
947 3292 1083 3355 Pontico
1098 3292 1179 3355 mari
1200 3295 1348 3377 adgressa
1371 3306 1543 3379 tempestas
1637 3356 1640 3362 ,

387 3410 453 3462 tarn
468 3399 564 3463 foeda
578 3409 683 3481 strage
704 3398 858 3462 lacerauit
886 3408 923 3461 ut
945 3397 1071 3461 naualis
1086 3398 1164 3460 belli
1178 3397 1280 3461 instar
1295 3401 1449 3476 efficeret,
1473 3403 1542 3483 pla·

386 3525 492 3587 neque
507 3514 545 3565 ut
561 3504 717 3567 Lucullus
733 3506 872 3588 quodam
883 3524 958 3566 eum
968 3503 1120 3566 fluctibus
1132 3503 1342 3585 procellisque
1354 3506 1542 3570 commercio

387 3610 616 3673 debellandum
635 3610 804 3673 tradidisse
831 3629 939 3690 rege-m
966 3607 1073 3669 uentis
1102 3607 1275 3670 uideretur.
1312 3608 1447 3671 adtritae
1476 3610 1542 3676 iam

387 3737 497 3779 omnes
514 3713 705 3778 ualidissimi
719 3712 811 3796 regni
822 3712 907 3775 uires
918 3722 1022 3789 erant,
1039 3713 1094 3775 sed
1106 3711 1232 3774 animus
1244 3711 1337 3774 malis
1350 3715 1538 3796 augebatur.

390 3988 402 4037 1
415 3985 546 4057 obprimit
558 3997 582 4038 N
593 3984 602 4055 11
615 3988 630 4037 2
642 3983 785 4038 mithidate
797 3995 816 4036 Β
829 3984 837 4054 11
852 3987 866 4037 3
880 3984 948 4054 sylla
959 3995 1003 4036 ΒΝ
1014 3984 1023 4053 11
1037 3987 1052 4035 4
1064 3984 1183 4053 recoepit
1193 3997 1213 4037 Β
1226 3985 1235 4055 1
1248 3991 1276 4037 et
1287 4003 1351 4055 rege
1362 3999 1382 4039 Β
1395 3990 1403 4057 1
1416 3988 1541 4042 Nicome·
1602 4049 1604 4052 ,

388 4068 443 4135 des,
458 4070 655 4123 Ariobarzanes
667 4069 792 4138 that'ue:
811 4068 972 4120 nichomede
984 4068 1018 4120 ab
1031 4068 1217 4121 ariobarzenae
1229 4083 1257 4134 Β,
1272 4070 1412 4124 nicomede
1424 4072 1458 4124 ab
1471 4072 1539 4124 ario·

385 4154 532 4208 barzaneN
542 4154 551 4224 11
565 4157 618 4206 5ac
626 4153 664 4206 sic
672 4160 729 4206 erat
736 4152 792 4205 asia
798 4170 904 4205 rursum
916 4152 960 4223 Ν1
974 4148 1081 4221 cbperat
1098 4153 1255 4207 mithidates
1272 4162 1365 4208 tantus
1382 4168 1401 4207 Β
1415 4156 1452 4225 119
1469 4156 1540 4209 reui-

387 4247 502 4293 uescunt
520 4250 566 4292 BN
581 4238 590 4308 11
612 4241 641 4291 13
662 4237 760 4290 cizicus
778 4250 813 4300 Β,
835 4237 955 4307 cyzicum
972 4248 998 4289 N
1008 4237 1016 4306 11
1038 4239 1069 4288 14
1088 4237 1181 4291 littora
1196 4252 1216 4292 Β
1229 4239 1238 4309 11
1254 4243 1285 4293 16
1303 4240 1431 4293 horribile
1448 4252 1473 4292 N
1484 4240 1494 4310 11
1508 4243 1539 4291 18

386 4323 578 4394 adgubernens
595 4335 620 4375 N
637 4322 646 4393 11
665 4322 738 4375 istria
755 4333 781 4374 N
797 4322 805 4391 11
827 4325 858 4374 19
882 4322 1051 4375 obsidentem
1067 4334 1093 4373 N
1109 4323 1118 4392 11
1137 4340 1228 4393 regem
1248 4341 1281 4376 ex
1299 4326 1369 4377 fame
1386 4325 1541 4395 pestilentia

383 4420 408 4460 N
418 4408 427 4479 11
441 4412 471 4461 21
488 4407 588 4461 cecidit
598 4419 622 4460 N
633 4406 642 4477 11
656 4407 802 4478 granippus
819 4419 838 4460 Β
851 4407 859 4477 11
873 4424 987 4487 aesopus
1004 4419 1048 4460 ΒΝ
1059 4407 1067 4476 11
1081 4410 1113 4459 22
1132 4425 1227 4460 aurum
1245 4428 1287 4461 om
1303 4421 1328 4461 N
1344 4411 1353 4479 11
1372 4412 1403 4461 23
1421 4410 1539 4463 sarcinas

386 4500 413 4545 et
424 4492 623 4563 pecunialel
637 4496 669 4545 21
682 4492 711 4544 in
727 4499 799 4544 terra
815 4504 840 4543 N
851 4492 859 4563 11
880 4500 989 4544 eentum
1007 4510 1049 4544 om
1067 4493 1154 4562 Β1125
1174 4493 1386 4564 adparatumque
1398 4505 1423 4544 N
1433 4494 1441 4564 11
1455 4512 1539 4563 graue

385 4588 404 4629 Β
416 4578 425 4649 11
439 4584 528 4647 pontu
540 4588 568 4641 Β,
584 4576 611 4628 in
624 4577 733 4645 pontico
745 4575 788 4631 Nl
803 4583 992 4646 tempestatem
1004 4577 1070 4633 leda
1081 4589 1101 4631 Β
1114 4579 1122 4647 11
1137 4582 1169 4630 26
1177 4577 1340 4649 planequasi
1353 4577 1472 4633 lucullus
1483 4593 1508 4633 N
1524 4582 1533 4654 1

384 4665 416 4715 29
429 4659 595 4715 ualidissimi
606 4672 633 4725 Β,
647 4660 829 4714 ualidissimae
842 4664 857 4713 2
870 4678 951 4713 manu
965 4662 974 4732 11

415 4760 536 4801 rzonvs.
1360 4765 1374 4813 5
