3809 5534
664 613 812 659 armona
829 616 854 671 1,
874 607 915 658 tt.
936 606 979 658 18.
1000 594 1038 681 [1‚
1056 607 1100 658 26.
1120 596 1264 681 11‚1.a].
1506 602 1549 663 29

466 762 574 846 Igitur
589 763 693 827 uictor
705 764 821 828 Italiae
835 767 974 848 populus
989 766 1157 830 Romanus
1169 789 1244 831 eum
1256 770 1296 831 ad
1311 768 1429 832 fretum
1444 790 1546 851 usque
1559 790 1598 847 n,
1614 771 1633 831 2

390 868 555 944 uenisset,
580 891 668 932 more
683 870 787 952 ignis,
812 870 868 953 qui
883 880 1017 934 cunctas
1032 874 1205 955 populatus
1220 871 1370 936 incendio
1385 874 1484 938 siluas
1499 875 1548 938 in·

390 974 595 1037 terueniente
610 976 745 1039 flumine
767 976 988 1059 abrumpitur,
1012 977 1175 1060 paulisper
1197 979 1352 1042 substitit.
1378 1001 1453 1043 mox
1475 1003 1549 1044 eum

389 1080 517 1143 uideret
532 1081 812 1163 opulentissimam
833 1082 868 1145 in
889 1082 1037 1165 proximo
1051 1085 1202 1166 praedam
1218 1087 1357 1166 quodam
1371 1089 1467 1149 modo
1483 1087 1548 1150 Ita-

359 1200 372 1248 ὁ
391 1186 453 1249 liae
468 1208 547 1249 suae
563 1187 721 1250 abscisam
736 1199 769 1252 et
784 1187 876 1270 quasi
889 1187 1071 1265 reuolsam,
1089 1190 1168 1252 adeo
1183 1191 1359 1273 cupiditate
1375 1190 1444 1254 eius
1459 1213 1548 1255 exar-

391 1292 432 1355 sit
446 1301 505 1367 ut,
518 1303 691 1373 quatenus
705 1315 766 1357 nec
780 1295 865 1358 mole
879 1293 973 1377 iungi
988 1316 1047 1356 nec
1061 1294 1214 1377 pontibus
1229 1306 1354 1378 posset,
1371 1296 1468 1360 armis
1481 1298 1548 1361 bel·

390 1400 486 1481 loque
502 1398 669 1481 iungenda
684 1409 715 1462 et
732 1400 772 1462 ad
787 1399 1009 1462 continentem
1024 1422 1115 1463 suam
1130 1402 1311 1463 reuocanda
1324 1402 1410 1465 bello
1425 1403 1548 1467 uidere·

390 1514 454 1567 tur.
486 1506 545 1567 sed
572 1525 664 1579 ecce,
688 1506 775 1568 ultro
796 1505 875 1588 ipsis
898 1505 987 1569 uiam
1007 1506 1227 1589 pandentibus
1243 1506 1318 1569 fatis
1343 1529 1403 1569 nee
1426 1509 1550 1574 occasio

391 1610 513 1685 defirit,
537 1631 613 1672 curn
635 1610 674 1672 de
691 1613 873 1674 Poenorum
894 1610 1077 1694 inpotentia
1099 1612 1260 1676 foederata
1282 1611 1411 1676 Siciliae
1432 1613 1548 1679 ciuitas

346 1726 374 1777 to
392 1717 545 1780 Messana
561 1727 757 1799 quereretur.
782 1716 964 1780 adfectabat
986 1728 1095 1781 autem
1109 1728 1147 1781 ut
1162 1720 1329 1782 Romanus
1351 1717 1398 1781 ita
1418 1722 1548 1784 Poenus

391 1821 550 1897 Siciliam,
579 1833 612 1885 et
633 1823 746 1885 eodem
772 1832 915 1905 tempore
941 1822 1074 1906 paribus
1101 1823 1343 1907 uterque·u0tis
1366 1846 1402 1887 ac
1423 1825 1548 1890 uiribus

389 1927 564 2011 imperium
585 1927 669 1990 orbis
693 1927 846 2010 agitabat.
871 1927 972 2011 igitur
995 1929 1100 2012 specie
1123 1930 1254 2013 quidem
1275 1930 1376 1994 socios
1398 1930 1545 2009 iuuandi,

389 2056 422 2098 re
437 2045 549 2097 autem
560 2033 754 2097 sollicitante
766 2034 895 2116 praeda,
909 2056 1103 2118 quamquam
1115 2035 1275 2099 territaret
1286 2037 1414 2101 nouitas
1426 2039 1484 2114 rei,
1502 2050 1548 2102 ta-

390 2162 465 2203 men
489 2177 531 2187 —
554 2150 646 2203 tanta
660 2139 696 2201 in
711 2139 834 2202 uirtute
848 2139 968 2202 fiducia
982 2150 1031 2203 est
1048 2177 1087 2188 —
1103 2140 1158 2203 ille
1180 2141 1288 2216 rudis,
1312 2141 1368 2205 ille
1390 2145 1549 2225 pastorius

345 2258 373 2309 15
393 2247 534 2330 populus
550 2267 689 2327 uereque
705 2255 853 2307 terrester
868 2245 1009 2308 ostendit
1023 2245 1107 2308 nihil
1122 2247 1277 2309 interesse
1291 2245 1441 2324 uirtutis,
1457 2250 1548 2332 equis

392 2376 433 2415 an
449 2353 602 2427 nauibus,
620 2361 704 2414 terra
718 2373 759 2413 an
774 2350 855 2414 mari
870 2350 1048 2414 dimicaret.

355 2460 378 2521 Ι
478 2454 606 2542 ‘'Appio
622 2457 759 2521 Claudio
774 2457 906 2520 consule
921 2456 1062 2538 primum
1076 2457 1195 2521 fretum
1209 2458 1373 2541 ingressus
1394 2467 1443 2521 est
1457 2458 1547 2520 fabu-

390 2565 467 2628 losis
495 2565 616 2627 infame
641 2563 793 2627 monstris
820 2574 975 2645 aestuque
1002 2563 1203 2640 uiolentam,
1233 2567 1289 2628 sed
1311 2566 1389 2627 adeo
1410 2585 1476 2625 non
1500 2573 1549 2625 est

392 2670 585 2746 exterritus,
602 2680 640 2732 ut
655 2669 744 2732 illam
760 2669 864 2751 ipsam
878 2669 1002 2731 ruentis
1018 2680 1124 2732 aestus
1139 2669 1329 2733 uiolentiam
1344 2690 1401 2751 pro
1415 2690 1549 2730 munere

346 2787 373 2838 ²⁰
391 2778 651 2859 amplecteretur,
669 2777 754 2857 quod
768 2774 923 2838 uelocitas
935 2773 1070 2836 nauium
1084 2773 1166 2836 mari
1181 2774 1358 2850 iuuaretur‚
1376 2773 1549 2855 statimque

392 2905 428 2946 ac
444 2882 515 2946 sine
530 2903 620 2944 mora
631 2881 809 2945 Hieronem
825 2880 1066 2962 Syracusanum
1081 2887 1174 2942 tanta
1189 2880 1351 2944 celeritate
1366 2879 1498 2956 deuicit‚
1511 2890 1549 2942 ut

392 2987 449 3052 ille
463 2988 533 3071 ipse
547 2988 637 3071 prius
653 3010 686 3050 se
701 2987 826 3049 uictum
841 3006 939 3068 quam
954 2984 1080 3047 hostem
1096 2986 1221 3049 uideret
1236 2986 1401 3050 fateretur.

457 3094 583 3156 Duillio
592 3092 804 3175 Cornelioque
813 3090 1000 3153 consulibus
1009 3090 1106 3152 etiam
1120 3091 1201 3154 mari
1208 3092 1360 3175 congredi
1375 3113 1472 3154 ausus
1488 3102 1546 3155 est.

392 3211 464 3263 tum
480 3200 611 3282 quidem
625 3198 696 3281 ipsa
709 3197 864 3261 uelocitas
876 3195 986 3259 classis
999 3208 1189 3279 conparatae
1201 3197 1356 3261 uictoriae
1371 3197 1551 3279 auspicium

346 3317 374 3368 25
392 3305 467 3369 fuit.
490 3305 576 3369 intra
591 3303 679 3367 enim
693 3301 930 3386 sexagesimum
945 3301 1032 3364 diem
1046 3324 1144 3385 quam
1156 3325 1249 3367 caesa
1261 3302 1345 3366 silua
1358 3303 1463 3366 fuerat
1477 3325 1550 3365 een-

393 3422 464 3475 tum
473 3410 643 3494 sexaginta
655 3409 790 3472 nauium
803 3407 1110 3471 classisinanchoris
1123 3409 1225 3485 stetit,
1241 3419 1352 3472 utnon
1360 3421 1426 3471 arte
1434 3409 1549 3484 factae,
1616 3409 1620 3415 ’

392 3520 448 3581 sed
464 3519 604 3601 quodam
618 3537 751 3578 munere
766 3517 899 3577 deorum
913 3535 1086 3576 conuersae
1108 3512 1144 3574 in
1165 3534 1265 3575 naues
1289 3513 1392 3595 adque
1407 3524 1551 3576 mutatae

394 3626 520 3687 arbores
537 3622 735 3685 uiderentur.
759 3620 873 3704 proelii
889 3641 965 3682 uero
980 3618 1083 3681 forma
1097 3616 1272 3692 mirabilis,
1290 3638 1365 3680 cum
1379 3619 1452 3681 illas
1468 3619 1549 3681 cele-

395 3730 437 3793 ris
452 3729 665 3810 uolucresque
680 3726 824 3790 hostium
838 3747 938 3788 naues
954 3724 1015 3787 hae
1030 3744 1144 3807 graues
1167 3724 1339 3805 tardaeque
1354 3725 1550 3808 conprehen-

351 3844 376 3895 to
394 3838 517 3900 darent.
543 3835 640 3917 longe
662 3832 726 3896 illis
747 3831 896 3895 nauticae
912 3840 995 3894 artes
1011 3831 1196 3911 detorquere
1225 3851 1330 3894 remos
1346 3841 1379 3894 et
1393 3829 1553 3893 ludificari

397 4083 406 4131 l
422 4096 485 4132 eum
497 4094 514 4131 a
525 4084 598 4131 tarra
608 4075 709 4130 fretum
721 4074 893 4145 usquenisset
903 4085 929 4126 N
944 4073 954 4144 11
976 4077 990 4127 2
1004 4075 1051 4144 qui
1063 4074 1159 4128 obuias
1170 4072 1318 4145 populatus
1329 4085 1354 4125 N
1365 4073 1373 4141 11
1387 4077 1402 4124 5
1415 4072 1551 4125 reuulsam

394 4175 412 4215 Β
424 4167 432 4234 11
446 4168 462 4217 6
476 4169 612 4234 quatenus
623 4179 673 4214 nec
685 4178 758 4214 mare
771 4168 799 4214 et
819 4178 868 4213 nec
880 4159 951 4213 mola
970 4171 996 4211 N
1006 4161 1015 4230 11
1028 4160 1115 4231 possit
1132 4172 1158 4213 Ν
1168 4160 1176 4228 11
1191 4164 1205 4213 7
1225 4159 1390 4229 iungendam
1408 4169 1434 4209 Ν
1444 4157 1453 4228 11
1473 4173 1552 4209 suum

394 4261 418 4302 Ν
427 4249 436 4319 11
449 4248 632 4324 reuocandam
643 4259 669 4299 N
679 4246 689 4317 11
702 4248 716 4299 8
730 4254 758 4299 et
770 4263 831 4299 ecee
843 4262 857 4298 e
870 4235 942 4297 ultro
961 4257 986 4297 N
1003 4246 1011 4316 11
1033 4248 1063 4297 13
1084 4246 1245 4299 sollicitante
1261 4243 1388 4315 praedam
1409 4241 1439 4305 b,
1454 4238 1552 4293 sollici-

394 4334 471 4387 tandi
482 4332 584 4404 praeda
594 4345 614 4386 B
627 4333 636 4403 11
651 4336 683 4384 14
694 4339 771 4385 tanta
782 4338 872 4384 tamen
884 4329 981 4399 scripsi
987 4351 996 4381 .·
1014 4337 1104 4383 tamen
1117 4338 1192 4384 tanta
1203 4342 1246 4383 BN
1258 4330 1266 4398 11
1279 4326 1391 4381 fuducia
1401 4338 1421 4377 B
1433 4326 1442 4395 11
1459 4328 1486 4377 tt
1501 4324 1552 4377 fro-

396 4426 453 4472 tum
466 4426 526 4471 tum
537 4430 563 4470 N
580 4418 588 4487 11
611 4420 640 4470 18
653 4416 723 4469 lame
735 4428 762 4480 1,
782 4416 909 4469 infamem
922 4428 945 4467 N
958 4415 967 4485 11
981 4415 1128 4469 uiolentam
1140 4427 1164 4468 N
1175 4416 1184 4485 11
1200 4417 1229 4467 lo
1242 4415 1328 4483 ipsam
1345 4411 1419 4464 illam
1435 4421 1472 4462 ΙΝ
1491 4410 1499 4479 11
1519 4413 1552 4462 20

395 4504 469 4573 quod
483 4534 514 4543 —
527 4503 668 4556 iuuaretur
680 4520 721 4555 om
733 4514 757 4553 N
768 4501 776 4570 11
791 4503 821 4553 21
842 4518 1034 4570 syracusanum
1052 4518 1144 4570 regem
1162 4512 1187 4552 N
1198 4500 1206 4570 11
1220 4499 1287 4551 uicit
1309 4509 1332 4548 N
1351 4494 1359 4564 11
1380 4497 1411 4547 22
1433 4512 1461 4546 se
1478 4494 1553 4565 prius

396 4601 418 4641 N
429 4590 438 4660 11
458 4592 491 4642 23
504 4589 530 4641 Α
542 4588 628 4642 duilio
640 4601 673 4652 B,
689 4586 789 4641 duellio
801 4596 817 4637 Ι
828 4586 836 4654 11
851 4589 882 4637 24
896 4604 958 4639 cum
968 4598 994 4638 N
1004 4587 1013 4657 1
1026 4586 1156 4641 uictoriae
1168 4603 1210 4637 om
1219 4596 1244 4636 N
1261 4584 1270 4652 11
1290 4585 1323 4635 28
1336 4580 1407 4633 fama
1417 4592 1443 4633 N
1456 4580 1465 4649 11
1485 4580 1552 4633 cele-

397 4690 437 4727 res
449 4686 488 4729 ΙΝ
498 4674 508 4745 11
522 4678 555 4728 30
567 4672 633 4726 artis
646 4672 661 4724 d
674 4672 683 4741 11
