3809 5534
933 638 1003 682 1vn1
1020 636 1117 680 moin

666 823 825 889 XXIIII.
850 823 1036 887 BELLVM
1053 818 1372 886 PANNONICVM.
1609 817 1627 880 I

444 1029 607 1096 Pannonii
633 1028 757 1090 duobus
784 1026 908 1089 acribus
934 1024 1063 1102 fluuiiS,
1091 1025 1203 1087 Drauo
1231 1022 1380 1104 Sauoque
1407 1015 1634 1105 uallantnr.⁸*[11
1665 1034 1668 1112 p

443 1136 591 1222 populati
611 1134 772 1219 proximos
795 1132 882 1195 intra
901 1132 986 1215 ripas
1009 1155 1042 1195 se
1057 1130 1265 1214 recipiebant.
1296 1127 1331 1189 in
1346 1127 1408 1189 hos
1429 1127 1598 1189 domandos
1666 1129 1668 1186 ἶ

445 1243 605 1309 Vinnium
616 1241 715 1305 misit.
732 1239 816 1304 caesi
831 1251 908 1302 sunt
923 1238 958 1300 in
974 1237 1118 1321 utrisque
1130 1234 1331 1298 fluminibus.
1346 1254 1435 1296 arma
1448 1231 1601 1295 uictorum

444 1372 572 1414 nonen
594 1370 681 1412 more
706 1345 785 1410 belli
805 1354 963 1421 cremata,
992 1355 1041 1407 set
1062 1354 1158 1442 qapta
1177 1352 1255 1406 sunt
1280 1352 1312 1404 et
1335 1340 1371 1402 in
1391 1339 1627 1423 profluentemt
1667 1409 1668 1414 η

445 1459 532 1533 data,
550 1467 587 1519 ut
602 1452 746 1520 Caesaris
762 1474 881 1516 nomen
897 1450 943 1514 eis
959 1449 1014 1533 qui
1029 1450 1221 1514 resistebant
1236 1448 1281 1513 sic
1296 1446 1518 1510 nuntiaretur.

693 1710 807 1775 XXV.
832 1710 1019 1775 BELLVM
1034 1708 1352 1773 DELMATICVM.

446 1918 614 1980 Delmatae
640 1919 829 2000 plerumque
855 1920 914 1980 sub
942 1917 1034 1981 siluis
1060 1918 1220 2000 agebant3
1254 1914 1341 1977 unde
1367 1913 1403 1975 in
1436 1912 1599 1978 latrocinia
1667 1993 1668 2008 ἶ

446 2023 687 2106 promptissimi.
705 2023 765 2085 hos
780 2022 985 2106 iampridem
1000 2022 1142 2087 Marcius
1157 2021 1271 2086 consul
1284 2018 1418 2082 incensa
1432 2022 1515 2083 urbe
1530 2020 1597 2081 Del·
1665 2039 1668 2104 ;

446 2129 547 2192 minio
562 2128 654 2213 quasi
668 2131 926 2205 detruncauerat,
943 2140 1055 2212 postea
1068 2127 1203 2192 Asinius
1218 2125 1325 2191 Pollio
1338 2125 1495 2208 gregibus
1510 2125 1596 2189 armis
1612 2134 1633 2184 1⁰
1666 2115 1668 2156 ¹

447 2236 531 2319 agris
546 2237 754 2310 multauerat‚
771 2235 824 2297 hic
840 2236 1000 2298 secundus
1016 2247 1121 2297 orator
1126 2259 1136 2310 ;
1161 2234 1218 2296 sed
1231 2234 1401 2314 Augustus
1416 2234 1597 2315 perdoman-

447 2344 504 2405 dos
520 2340 617 2405 Vibio
637 2342 788 2415 mandat,
811 2341 867 2423 qui
888 2341 1021 2404 efferum
1041 2362 1144 2424 genus
1165 2339 1272 2402 fodere
1303 2346 1403 2400 terras
1427 2338 1535 2421 coegit
1553 2360 1598 2401 au·

446 2469 581 2529 rumque
597 2446 690 2508 uenis
710 2467 900 2532 repurgare3
925 2448 1012 2528 quod
1036 2445 1180 2528 alioquin
1198 2467 1278 2529 gens
1298 2442 1448 2506 omnium
1470 2445 1596 2529 cupidis-

448 2553 530 2617 sima
544 2575 582 2617 eo
597 2551 724 2628 studio,
742 2573 780 2614 ea
795 2551 965 2635 diligentia
977 2551 1120 2635 anquirit
1142 2562 1179 2616 ut
1202 2549 1337 2615 illudio
1351 2572 1432 2615 usus
1448 2573 1525 2615 suos
1539 2573 1596 2616 eru·

449 2682 501 2723 ere
516 2659 698 2723 uideantur.
1430 2680 1437 2687 ·
1611 2663 1631 2713 15

723 2914 855 2978 XXVI.
881 2915 1067 2979 BELLVM
1082 2914 1334 2982 MOESICVM.

450 3115 554 3178 Moesi
570 3137 666 3197 quam
680 3116 750 3193 feri,
768 3139 865 3201 quam
880 3128 985 3181 truces
1000 3118 1137 3197 fuerint,
1155 3141 1252 3203 quam
1266 3118 1412 3202 ipsorum
1427 3118 1527 3182 etiam
1539 3120 1596 3181 bar-

449 3220 519 3283 bari
539 3221 745 3284 barbarorum
770 3222 920 3286 honibile
942 3223 1031 3286 dictu
1057 3235 1117 3287 est.
1152 3247 1238 3287 unus
1259 3226 1380 3287 ducum
1407 3233 1484 3287 ante
1510 3224 1596 3301 aciem

449 3328 613 3409 postulato
637 3327 765 3391 silentio
791 3322 862 3411 ‘qui
885 3351 942 3392 uos
964 3323 1079 3393 estist’
1106 3329 1223 3413 inquit.
1255 3352 1449 3414 responsum
1468 3330 1597 3393 inuicem

447 3427 604 3496 ‘Romani
617 3434 765 3516 gentium
781 3427 927 3497 domini'
957 3445 990 3498 et
1004 3436 1060 3499 ille
1077 3428 1145 3499 ‘ita'
1162 3435 1268 3519 inquit
1286 3430 1374 3512 ‘fiet,
1399 3436 1430 3499 si
1449 3459 1511 3500 nos
1525 3436 1596 3500 uice-
1610 3438 1630 3491 ²⁰

452 3531 546 3603 ritis'
570 3539 693 3622 accepit
708 3563 803 3603 omen
819 3542 948 3604 Marcus
965 3544 1109 3606 Crassus.
1134 3541 1183 3603 illi
1203 3541 1314 3605 statim
1334 3552 1410 3605 ante
1433 3543 1538 3607 aciem
1549 3542 1596 3604 im·

452 3645 572 3710 molato
588 3668 671 3729 equo
686 3668 860 3729 concepere
875 3658 1001 3723 uotum,
1023 3658 1061 3711 ut
1075 3669 1240 3710 caesorum
1255 3647 1337 3711 extis
1353 3650 1477 3712 ducum
1492 3659 1524 3712 et
1537 3647 1596 3711 lita-

453 3761 524 3813 rent
541 3761 573 3814 et
588 3762 803 3815 nascerentur.
830 3756 905 3816 deos
921 3752 1047 3816 audisse
1070 3752 1274 3816 crediderim:
1305 3775 1365 3816 nec
1387 3754 1485 3819 tubas
1514 3751 1595 3818 susti·

457 4028 466 4075 1
483 4037 599 4077 BELLVM
613 4039 803 4081 PANNONlcvu
816 4046 858 4080 om
870 4040 908 4081 NI
917 4028 927 4099 11
942 4033 957 4081 2
970 4028 1100 4099 pannonii
1112 4046 1177 4082 uero
1189 4042 1205 4082 Ι
1221 4030 1230 4100 ΙΙ
1250 4028 1358 4083 duobus
1377 4028 1497 4083 saltibus
1514 4046 1544 4082 ac
1560 4025 1599 4079 tri·

452 4109 504 4162 bus
516 4108 608 4163 fluuiis
620 4121 645 4161 N
655 4109 663 4179 11
678 4113 693 4161 3
706 4110 854 4165 domandos
867 4133 908 4167 om
920 4127 945 4167 N
956 4116 965 4185 ΙΙ
979 4119 995 4167 4
1007 4115 1166 4168 Duennium
1178 4121 1256 4169 uocat
1271 4114 1307 4185 Ill
1321 4118 1336 4167 5
1354 4122 1383 4168 et
1401 4133 1445 4167 om
1457 4127 1484 4169 N
1494 4116 1504 4185 1
1516 4111 1601 4185 proflu-

453 4202 515 4248 ente
526 4208 555 4260 B,
570 4194 734 4265 profluentes
749 4210 774 4249 N
784 4198 793 4267 ΙΙ
807 4203 822 4251 6
835 4205 866 4251 ut
878 4198 974 4252 ceteris
987 4200 1034 4270 qui
1045 4200 1209 4254 resistebant
1225 4199 1341 4255 uictoria
1357 4199 1397 4253 sic
1408 4202 1455 4271 ΝΙΙ
1470 4205 1485 4253 7
1498 4210 1601 4255 amna

453 4293 644 4335 nnnuanlcvu
657 4299 699 4333 om
710 4294 735 4333 N
746 4282 755 4351 ss
769 4285 784 4333 8
801 4283 865 4336 inde
878 4295 904 4336 N
915 4284 923 4353 11
937 4287 952 4335 9
966 4284 1075 4354 quidem
1086 4298 1113 4339 N
1122 4287 1131 4356 11
1144 4304 1250 4340 marcus
1268 4298 1288 4339 B
1301 4286 1310 4357 11
1323 4286 1421 4340 consul
1439 4306 1484 4340 om
1500 4286 1543 4357 Nn
1555 4282 1601 4336 dei·

360 4415 366 4424 ,
452 4365 564 4419 minioB
577 4367 585 4436 Η
602 4369 630 4418 11
649 4373 677 4420 et
689 4367 822 4436 adgustus
833 4380 852 4422 B
865 4368 874 4437 ΙΙ
890 4372 920 4421 12
935 4370 1009 4423 uibio
1023 4371 1046 4435 b,
1062 4371 1142 4424 uebio
1153 4384 1187 4436 Β,
1201 4371 1267 4425 ubio
1278 4372 1323 4441 Nn
1337 4374 1370 4423 13
1382 4388 1473 4442 genus
1484 4385 1504 4426 B
1517 4373 1526 4442 ΙΙ
1538 4365 1601 4437 cupi·

454 4451 565 4503 dissima
577 4451 699 4505 studiosa
709 4464 735 4504 N
745 4452 754 4521 11
770 4454 801 4504 14
818 4454 938 4525 anquirit
951 4476 984 4517 ς.·
1005 4456 1126 4525 adquirit
1140 4469 1185 4510 BN
1195 4458 1204 4527 ΙΙ
1217 4456 1280 4510 illut
1296 4467 1322 4510 N
1332 4456 1342 4526 ll
1360 4473 1472 4511 seruare
1489 4457 1603 4510 uideatur

452 4546 478 4586 N
489 4537 497 4604 ΙΙ
513 4539 542 4587 15
556 4533 711 4590 uidedturn
725 4538 733 4607 11
749 4540 780 4589 16
797 4552 912 4592 nnnnvu
925 4552 1057 4592 ursrcvn
1074 4553 1107 4605 a,
1126 4559 1168 4593 om
1185 4542 1229 4612 Nn
1245 4539 1600 4613 17mysian11fueruntrt

457 4622 486 4670 18
500 4620 602 4672 dictum
614 4633 640 4673 N
650 4623 658 4691 11
675 4625 705 4675 19
718 4622 807 4693 inquit
820 4623 885 4676 estis
896 4636 920 4675 N
932 4623 940 4693 11
956 4628 987 4675 20
1000 4625 1040 4677 illi
1052 4638 1076 4677 N
1088 4626 1096 4695 ΙΙ
1109 4626 1215 4697 inquiet
1225 4627 1270 4697 Nl}
1284 4630 1314 4679 21
1327 4644 1436 4681 marcus
1451 4648 1486 4691 5:
1499 4623 1601 4679 marcius

453 4714 498 4755 BN
508 4703 516 4771 11
530 4718 668 4772 grassusn
682 4708 689 4775 11
704 4710 736 4759 22
750 4708 838 4761 exitus
851 4721 870 4760 N
883 4708 891 4778 11
906 4712 938 4761 23
951 4710 1101 4780 trrbamN}1
1426 4705 1429 4711 ¹
