3809 5534
784 596 979 644 emnramo.
1361 592 1469 649 xxm

526 749 556 803 B
931 750 961 807 X
1280 755 1318 813 Ν

298 884 391 960 pet,
408 883 447 939 24
460 877 573 960 eapitis
607 900 709 941 errore
781 880 893 962 capitis
921 903 1023 945 errore
1044 840 1111 966 laid-
1148 888 1261 971 eapitis
1283 899 1315 951 et
1335 889 1466 954 iactaret

469 983 609 1063 lapsaret
813 969 896 1082 ἔξω
1179 1014 1281 1055 errore
1296 977 1434 1076 i'apsaret
1554 1063 1557 1070 ,

339 1093 393 1163 47,
412 1094 447 1151 11
461 1087 716 1171 penhaebosque
1146 1118 1203 1179 per
1222 1098 1350 1160 acerbos
1373 1097 1464 1160 dubi-

1061 1262 1070 1299 ι
1179 1223 1276 1283 osque

339 1301 393 1371 72,
408 1299 447 1355 23
460 1293 655 1357 britanniam
676 1304 762 1357 tran·
779 1308 975 1373 britanniam
989 1311 1071 1393 petit
1144 1303 1341 1368 britanniam
1384 1307 1466 1388 petit

468 1396 510 1462 sit
1177 1408 1212 1469 in
1227 1409 1424 1473 britamriam

954 1569 959 1580 ,
1177 1512 1292 1575 transit

338 1609 392 1681 92,
407 1602 658 1695 24P³013st011tia
778 1566 978 1706 paeiiiiiindi
1145 1617 1343 1699 paenitentia
1368 1618 1464 1700 pesti-

1052 1776 1110 1820 arri-
1177 1721 1279 1784 lentie

337 1819 392 1889 93,
411 1818 447 1877 19
460 1811 496 1875 in
520 1822 721 1895 praesentem
778 1830 814 1892 in
832 1790 1109 1956 praesentem'oe.
1146 1825 1464 1909 inpraesentempar·

468 1938 560 1980 reum
809 1913 880 2029 {nam
1178 1928 1312 1992 rieidam
1326 1930 1361 1994 in
1375 1953 1465 2014 prae-

1179 2043 1301 2096 sentem
1316 2056 1407 2097 reum

302 2147 400 2218 atque
414 2136 466 2199 his
482 2136 611 2220 quidem
626 2133 704 2200 locis
719 2142 749 2196 B
762 2155 803 2197 ex
817 2134 941 2195 duabus
967 2131 1158 2198 lectionibus
1180 2158 1290 2199 ueram
1305 2138 1462 2201 seruauit:

302 2251 353 2305 est
367 2262 446 2304 uero
460 2240 560 2304 etiam
572 2240 629 2303 ubi
643 2260 777 2323 prauam
792 2236 1004 2320 adoptauerit.

519 2349 550 2407 X
929 2347 968 2405 N
1289 2352 1319 2408 B

301 2509 392 2585 pm,
410 2510 447 2566 10
460 2451 714 2584 ἁυοωςέξέἒτ,
781 2500 900 2562 dueum
912 2520 1028 2581 genere
1037 2522 1109 2583 age-
1148 2502 1262 2563 ducem
1276 2512 1406 2583 generet

809 2624 843 2665 re
860 2602 1023 2665 uideretur

342 2686 675 2817 86,15adiiiiiidum
692 2764 748 2805 ue·
782 2741 823 2802 ad
838 2738 1111 2804 uexiliumadau-
1147 2740 1188 2803 ad
1202 2738 1361 2802 auxilium
1372 2760 1465 2801 uoca-

473 2845 553 2908 eatis
819 2844 934 2907 xilium
949 2846 1073 2910 uocatis
1180 2844 1220 2908 tis

697 2938 735 2971 ΙΙ·

342 2988 395 3059 53,
410 2988 450 3044 20
464 2974 607 3045 summae
622 2981 674 3045 uir
695 3004 750 3045 au·
781 3003 925 3046 summus
948 2982 1000 3048 uir
1023 2994 1111 3047 astu·
1145 3002 1288 3046 summae
1305 2981 1357 3044 uir
1369 2982 1466 3043 auda-

472 3070 505 3108 issi

471 3117 582 3184 daeiae
818 3130 869 3184 tus
885 3132 919 3184 et
936 3122 1071 3185 audacia
1183 3119 1250 3183 eiae

303 3226 366 3288 hoe
386 3224 505 3288 ultimo
524 3225 593 3287 loeo
615 3223 703 3288 enim
724 3224 876 3306 Olyndiei
898 3225 1066 3289 audaciam
1091 3247 1158 3287 non
1179 3245 1272 3307 posse
1294 3222 1470 3305 praedicari

304 3338 454 3411 apertum
468 3337 528 3403 est,
546 3349 620 3390 eum
635 3327 670 3389 in
682 3330 816 3410 eoquod
830 3330 1022 3394 uaticinanti
1034 3330 1173 3394 similem
1187 3351 1219 3393 se
1234 3329 1365 3411 gerebat
1378 3328 1470 3390 nulle

304 3432 441 3497 audacia
467 3431 716 3514 perspiceretur,
747 3434 803 3495 sed
831 3434 961 3498 astutia.
995 3445 1065 3497 tum
1085 3436 1172 3517 quod
1193 3432 1303 3497 statim
1323 3442 1471 3494 narratur

300 3531 386 3620 ‘pari
401 3526 590 3599 temeritate'
607 3545 710 3597 castra
732 3537 873 3601 consulis
885 3539 1013 3615 adiisse,
1030 3539 1076 3602 eie
1097 3541 1228 3602 demum
1248 3534 1466 3618 intellegitur;

304 3640 469 3703 temeritas
484 3640 570 3702 enim
585 3639 736 3721 Olyndiei
751 3663 808 3723 par
828 3642 890 3705 fuit
911 3643 1059 3707 astutiae.
1094 3652 1257 3724 praeterea
1277 3637 1470 3719 quibusdam

305 3745 384 3808 locis
399 3752 430 3807 B
456 3752 623 3825 utramque
643 3743 814 3807 lectionem
829 3746 1015 3822 coniunxit,
1051 3768 1127 3810 eum
1150 3751 1188 3812 N
1206 3744 1339 3808 alteram
1364 3752 1472 3806 utram

305 3848 458 3933 elegerit,
475 3858 533 3911 aut
546 3868 658 3910 ueram
671 3857 709 3910 ut
723 3847 811 3913 hisee
827 3849 980 3932 exemplis

515 3956 553 4014 N
932 3959 964 4016 X
1288 3959 1318 4013 B

303 4065 390 4138 p44,
429 4063 642 4125 teonuentus
663 4054 751 4118 forti·
782 4049 965 4121 contentus
992 4057 1115 4125 fortiter
1152 4055 1307 4120 indixisse
1340 4064 1469 4118 eonten-

474 4168 523 4221 ter
537 4158 692 4222 indixisse
815 4140 971 4258 2¹:2¹3&ssoe
1185 4158 1469 4226 trefortiterindu-

865 4319 941 4357 mente
1186 4284 1270 4326 mse

324 4371 452 4445 102,‚25
467 4376 667 4429 armamenta
785 4388 876 4429 arma
1154 4388 1242 4431 arma
1256 4376 1288 4430 et
1304 4374 1448 4428 armenta

326 4508 399 4579 lod,
436 4508 462 4564 92
469 4502 680 4566 hereditatem
784 4447 932 4569 iiiiidiiir
1154 4514 1187 4567 et
1200 4503 1350 4565 heredem
1365 4512 1398 4566 et
1416 4503 1471 4567 he·

1185 4606 1354 4670 reditatem
