3809 5534
461 607 552 666 XLII
749 597 753 604 ’
936 609 1136 663 summme.

523 764 615 853 ‘qnid
626 767 775 832 nunonis
787 788 847 849 ego
860 766 1089 849 respondeam?
1105 765 1275 849 oquisquie
1282 765 1566 850 ee,.mihiquoque
1576 767 1636 851 ipsi

525 875 681 940 hocidem
686 873 805 937 mirum
819 872 921 936 uideri
929 872 1023 949 solet,
1032 874 1118 954 quod
1131 893 1197 935 non
1207 873 1328 936 Romae
1341 894 1466 950 meren
1481 875 1540 937 aed
1554 872 1635 938 nihil

527 992 576 1046 eet
587 979 748 1044 difficilius
763 1001 860 1062 quam
880 979 1038 1042 rationem
1059 980 1189 1042 reddere
1202 989 1293 1042 actus
1315 978 1375 1042 tui.
1411 1001 1512 1063 quare
1527 980 1635 1043 desine

526 1108 578 1148 me
593 1086 628 1152 in
640 1084 826 1154 memoriam
841 1084 982 1167 priorem
996 1086 1177 1150 reducendo
1191 1084 1312 1158 uulnus
1328 1084 1479 1162 dolorum
1489 1108 1633 1149 meorum

486 1239 489 1248 .
527 1192 719 1256 rescindere.
735 1190 874 1276 propitia
886 1190 928 1253 sit
941 1191 999 1255 illa
1014 1189 1141 1267 ciuitas,
1158 1202 1191 1254 et
1205 1191 1354 1256 fruantur
1368 1190 1427 1256 illa
1440 1192 1559 1274 quibus
1574 1192 1657 1256 for-5

531 1308 610 1362 tuna
621 1297 789 1382 permittit.
807 1299 894 1380 quod
906 1298 947 1359 ad
963 1319 1015 1360 me
1028 1296 1179 1379 pertinet,
1195 1318 1236 1358 ex
1251 1296 1307 1360 illo
1318 1296 1382 1374 die,
1395 1297 1489 1360 cuius
1505 1308 1543 1362 tu
1556 1298 1634 1362 mihi

531 1403 620 1470 testis
636 1425 686 1480 ea,
702 1412 875 1487 postquam
889 1412 1031 1486 ereptam
1045 1401 1194 1465 manibus
1215 1411 1248 1464 et
1273 1400 1372 1485 capiti
1391 1424 1543 1468 coronam
1564 1427 1631 1468 meo

526 1509 615 1587 uidi,
635 1520 703 1576 tota
717 1530 828 1584 mens,
852 1518 939 1572 totus
955 1508 1083 1572 animus
1096 1506 1212 1571 resiliit
1226 1518 1323 1590 atque
1338 1507 1507 1574 abhorruit
1521 1510 1563 1574 ab
1578 1509 1631 1573 illa

527 1615 678 1691 ciuitate,
702 1616 845 1696 adeoque
866 1634 939 1676 sum
957 1634 1135 1695 percussus·
1144 1623 1177 1675 et
1197 1622 1422 1678 consternatus
1444 1614 1504 1678 illo
1526 1616 1631 1680 dolore

526 1732 564 1785 ut
583 1719 705 1803 patriae
728 1740 854 1801 quoque
876 1740 967 1782 meae
989 1717 1108 1783 oblitus
1135 1729 1169 1781 et
1193 1728 1365 1802 parentum
1392 1716 1628 1782 carissimorum
1639 1726 1665 1775 1⁰

499 1857 502 1862 ·
524 1826 641 1892 similis
654 1822 775 1888 furenti
795 1824 860 1888 huo
880 1834 913 1887 et
934 1823 1012 1888 illuc
1034 1846 1168 1907 uagarer
1181 1844 1238 1906 per
1260 1824 1388 1908 diuersa
1401 1817 1583 1890 terrarum'.
1601 1836 1631 1888 et

513 1931 585 1998 ,ille
595 1924 692 2013 ‘quae
706 1940 817 1993 tamen
830 1929 901 1992 loca
916 1952 1037 2013 quasue
1051 1930 1197 2013 regiones
1211 1922 1424 2013 peragrastil’

568 2083 572 2096 .
600 2030 652 2100 fSi
661 2033 716 2098 ita
726 2035 875 2119 indulges
891 2036 977 2113 otio,
996 2037 1092 2119 plane
1114 2058 1212 2118 quam
1234 2035 1375 2099 breuiter
1396 2059 1559 2121 exponam
1573 2061 1630 2101 nec

526 2143 653 2208 inuitus
664 2141 1020 2225 prionuurecordabor.
1052 2142 1194 2225 primum
1216 2140 1361 2206 Siciliam
1381 2143 1529 2210 nobilem
1549 2144 1627 2220 uidi,

489 2283 492 2288 ·
524 2248 733 2314 domesticam
740 2245 875 2312 Cereris.
893 2249 1068 2311 secundam
1082 2247 1198 2311 deinde
1213 2248 1343 2324 Creten,
1359 2248 1500 2331 patriam
1515 2260 1627 2314 tonan·

526 2354 579 2429 tis,
592 2364 625 2416 et
637 2375 656 2417 a
666 2354 765 2418 latere
776 2352 900 2417 uicinas
913 2354 1070 2437 Cycladas
1081 2354 1233 2418 salutaui.
1251 2353 1327 2418 iude
1338 2355 1536 2420 meRhodos
1548 2366 1581 2421 et
1592 2358 1629 2420 ab

524 2480 669 2543 regressu
683 2459 881 2543 Aegyptium
894 2458 1041 2543 pelagus,
1057 2473 1095 2523 ut
1109 2483 1165 2525 ora
1179 2459 1249 2524 Nili
1264 2459 1410 2524 uiderem
1425 2470 1458 2523 et
1473 2464 1629 2545 populum

523 2587 649 2648 semper
662 2564 698 2628 in
713 2565 840 2649 templis
856 2566 996 2630 otiosum
1009 2566 1196 2649 peregrinae
1216 2568 1295 2630 deae
1311 2566 1410 2631 sistra
1431 2568 1625 2650 pulsantem.

524 2670 601 2735 inde
615 2693 726 2736 rursus
738 2671 870 2736 Italiam
883 2671 976 2749 redii,
994 2681 1027 2734 et
1041 2670 1148 2736 taedio
1159 2672 1255 2736 maris
1271 2694 1347 2737 cum
1359 2672 1629 2737 mediterraneam

497 2815 502 2826 ·
524 2776 756 2859 concupissem,
767 2788 895 2841 secutus
904 2777 1047 2841 Gallicas
1053 2778 1153 2861 Alpes
1162 2800 1203 2842 en
1212 2778 1316 2842 lustro
1326 2780 1464 2863 populos
1476 2781 1625 2863 aquilone
1635 2798 1663 2847 20

510 2881 691 2962 *pallentes
721 2881 796 2944 inde
819 2882 867 2945 sol
881 2882 1030 2946 occidens
1045 2882 1304 2966 placuit:·flecto
1315 2907 1461 2950 cursum.
1494 2889 1553 2950 sed
1566 2897 1627 2951 sta·

523 2985 583 3050 tim
597 3008 655 3069 par
673 2987 819 3063 horrore,
843 3009 901 3069 par
919 2988 1059 3065 uertice,
1083 3012 1142 3073 par
1161 2989 1217 3053 ille
1237 2990 1369 3072 niuibus
1383 2990 1515 3075 Alpinis
1532 2995 1627 3077 Pyre-

523 3115 624 3156 naeus
640 3091 777 3175 excepit.
805 3093 909 3169 uides,
923 3094 1051 3176 hospes,
1070 3118 1151 3178 quae
1166 3096 1272 3178 spatia
1284 3096 1365 3164 caeli
1376 3099 1624 3181 peragrauerim‚

522 3221 603 3282 quae
617 3199 713 3263 maris
729 3221 851 3282 quaeue
867 3209 1033 3263 terrarum.
1070 3223 1137 3263 non
1155 3202 1248 3266 aliter
1268 3203 1487 3279 mehercules,
1511 3205 1626 3268 sicon-

508 3303 604 3368 *ferre
616 3304 728 3387 paruis
742 3327 861 3388 magna
874 3306 968 3383 licet,
992 3328 1081 3370 sacer
1101 3306 1156 3370 ille
1176 3306 1305 3372 iuuenis
1315 3309 1547 3392 -peruolitauit,
1573 3309 1662 3373 cuitt

527 3412 625 3474 Terra
650 3420 753 3474 mater
777 3434 910 3495 capaces
931 3424 1120 3477 onerauerat
1145 3413 1294 3497 frugibus¹
1316 3415 1474 3492 amictus,
1499 3428 1626 3480 etcum

523 3516 599 3581 alite
614 3528 761 3601 serpente
775 3540 906 3582 currum
920 3518 991 3601 ipsa
1004 3517 1183 3595 iunxisset,
1199 3519 1263 3582 nisi
1278 3523 1438 3584 totoorbe
1458 3535 1625 3607 peragrato

521 3624 627 3687 uetuit
642 3646 717 3687 suas
732 3624 834 3688 redire
852 3637 1025 3707 serpentes.
1057 3624 1153 3688 liceat
1173 3647 1248 3708 ergo
1272 3628 1403 3692 tandem
1423 3627 1560 3711 fatigato
1573 3627 1624 3690 hie

521 3729 695 3812 aliquando
709 3733 926 3795 succumbere.
967 3731 994 3795 si
1015 3731 1151 3814 Scythes
1173 3753 1293 3808 essem,
1317 3732 1383 3798 iam
1403 3734 1551 3816 plaustra
1565 3734 1623 3797 sol-

521 3833 657 3909 uissem3
684 3836 712 3899 si
726 3859 829 3919 uagus
849 3839 1061 3920 gubernator,
1085 3836 1150 3900 iam
1174 3837 1279 3901 dicata
1298 3838 1406 3921 pelagi
1428 3841 1507 3903 deae
1531 3862 1621 3923 prora
1631 3849 1657 3899 30

521 3940 685 4019 penderet.
705 3962 869 4025 quousque
884 3943 1094 4026 negabimurl
1110 3965 1152 4005 an
1175 3965 1299 4026 semper
1319 3943 1463 4027 hospites
1485 3945 1621 4010 erimus?

526 4264 541 4313 3
553 4260 689 4314 racionem
702 4261 710 4331 ΙΙ
724 4266 738 4313 5
753 4262 873 4331 propicia
885 4264 894 4333 ll
908 4270 922 4319 6
935 4281 951 4316 a
964 4283 1007 4317 me
1020 4264 1029 4334 ΙΙ
1043 4265 1119 4319 cuius
1132 4283 1187 4335 quo
1204 4273 1236 4319 tu
1249 4267 1258 4337 l
1274 4270 1305 4321 10
1319 4266 1413 4320 et'add
1424 4267 1588 4324 Ritsehelt'm
1601 4268 1609 4338 ll

527 4348 556 4398 ll
571 4364 684 4416 uagarer
695 4345 873 4399 Ritselrelt'us:
887 4350 992 4420 uagerl'
1009 4354 1038 4404 13
1053 4351 1112 4403 ocio
1126 4352 1134 4422 ll
1151 4356 1180 4403 14
1193 4352 1320 4406 sisciliam
1334 4353 1342 4422 ll
1358 4355 1389 4406 15
1403 4352 1510 4407 Cereris
1521 4354 1619 4408 sedem.

524 4432 623 4486 deinde
642 4431 804 4501 Sobopeuius
822 4432 831 4498 l
852 4436 883 4487 16
903 4435 1041 4505 cicladasl
1059 4436 1124 4489 iude
1142 4436 1262 4490 Rhodon
1283 4437 1445 4507 Selopesu'as
1465 4438 1475 4509 ΙΙ
1495 4444 1525 4492 17
1551 4439 1622 4509 egip-

523 4517 592 4571 tium
604 4518 614 4587 Η
627 4518 722 4573 allexit
737 4518 792 4571 add
806 4518 969 4574 Ritcclolt'ur
982 4520 990 4592 {l
1011 4525 1043 4574 18
1064 4522 1185 4575 ociosum
1198 4522 1207 4592 l
1222 4526 1254 4575 19
1273 4521 1500 4579 mediterraneam
1516 4525 1621 4597 plagam

524 4618 636 4656 noscere
659 4604 845 4674 concupissent
869 4613 978 4660 secutus
1002 4624 1062 4660 sum
1084 4606 1248 4661 nicetetia
1260 4608 1270 4677 {l
1283 4611 1316 4662 20
1332 4626 1370 4662 en
1393 4609 1509 4679 empsit
1527 4618 1557 4664 et
1568 4611 1577 4680 ΙΙ
1590 4611 1620 4661 22

522 4685 648 4755 pirenem
661 4688 670 4759 l
683 4693 717 4744 23
729 4691 819 4760 spacia
830 4689 840 4762 l
854 4694 885 4745 29
899 4690 1076 4745 subcumbere
1089 4692 1098 4761 l
1112 4691 1230 4762 Scythes.
1245 4692 1412 4748 Volebam.-
1432 4695 1522 4750 cithes
1534 4696 1544 4767 ll
