3809 5534
379 606 419 665 34
862 619 933 663 1vn1
949 619 1047 664 raoni

329 801 337 808 ·
379 784 446 848 est,
463 772 581 855 quippe
596 770 678 833 sicut
693 769 815 852 primus
837 768 977 851 impetus
998 770 1044 833 eis
1065 770 1166 833 maior
1186 791 1284 853 quarn
1304 770 1448 833 uirorum
1471 781 1533 846 est,
1558 772 1580 831 Ι

379 879 426 941 ita
447 897 583 959 sequens
598 875 702 938 minor
723 896 819 957 quam
840 873 1033 938 feminarum
1055 914 1094 925 —
1116 875 1239 959 Alpina
1258 898 1390 961 corpora
1410 876 1539 939 umenti

380 984 467 1047 caelo
483 984 619 1045 educata
633 980 753 1043 habent
774 980 928 1063 quiddam
950 982 1056 1045 simile
1077 982 1209 1045 niuibus
1231 982 1314 1046 suis:
1339 1004 1438 1065 quam
1461 1003 1538 1045 mox

380 1090 505 1152 caluere
519 1108 647 1170 pugna,
664 1086 774 1150 statim
788 1087 823 1149 in
844 1089 992 1150 sudorem
1014 1099 1092 1151 eunt
1115 1100 1148 1151 et
1170 1089 1237 1151 leui
1250 1100 1344 1152 motu
1359 1087 1454 1171 quasi
1470 1089 1537 1151 sole

379 1196 541 1258 laxantur.
568 1193 604 1255 hi
626 1214 718 1276 saepe
740 1204 772 1255 et
795 1193 873 1256 alias
896 1224 933 1258 ss
949 1196 1005 1257 sed
1027 1194 1222 1258 Brittomaro
1249 1195 1330 1256 duce
1355 1215 1424 1256 non
1450 1194 1569 1276 prius5

379 1301 538 1384 posituros
560 1321 594 1362 se
613 1300 720 1362 baltea
748 1320 843 1382 quam
867 1300 1066 1383 Capitolium
1094 1299 1313 1363 ascendissent
1334 1297 1535 1362 iurauerant.

378 1407 500 1469 factum
522 1417 587 1480 est3
614 1406 717 1468 uictos
739 1405 825 1467 enim
853 1406 1012 1468 Aemilius
1035 1406 1070 1467 in
1093 1405 1254 1489 Capitolio
1276 1404 1441 1468 discinxit.
1462 1428 1539 1469 mox

379 1511 542 1575 Ariouisto
558 1512 638 1574 duce
654 1533 772 1574 uouere
788 1512 827 1573 de
849 1522 1031 1574 nostrorum
1052 1511 1194 1573 militum
1216 1511 1334 1593 praeda
1354 1511 1458 1573 Marti
1479 1533 1537 1575 suo

380 1629 535 1700 torquem.
560 1616 730 1698 intercepit
752 1617 899 1699 Iuppiter
921 1627 1052 1691 uotum3
1076 1637 1154 1679 nam
1175 1618 1214 1679 de
1235 1615 1404 1698 torquibus
1426 1639 1538 1680 eorum

381 1744 513 1786 aureum
527 1733 694 1803 tropaeum
717 1722 790 1784 loui
812 1722 992 1785 Flaminius
1012 1722 1123 1785 erexit.
1149 1721 1351 1786 Viridomaro
1374 1744 1451 1806 rege
1472 1724 1536 1787 Ro·
1555 1735 1580 1785 tt

379 1850 476 1891 mana
502 1848 590 1889 arma
615 1826 760 1890 Volcano
784 1828 1007 1911 promiserant.
1043 1827 1195 1891 aliorsum
1228 1839 1305 1891 uota
1332 1827 1547 1904 cecideruntr

381 1933 483 1996 occiso
500 1931 587 1993 enirn
601 1953 674 2015 rege
688 1933 862 1996 Marcellus
883 1933 977 1996 tertia
999 1944 1071 2017 post
1095 1932 1275 1996 Romulum
1294 1945 1423 2017 patrem
1445 1936 1534 1997 Fere·

381 2039 441 2101 trio
458 2037 530 2101 Ioui
546 2036 653 2118 opima
667 2038 845 2121 suspendit.

663 2346 763 2408 XXI.
788 2348 973 2411 BELLVM
990 2345 1261 2409 ILLYRICVM.

296 2630 336 2685 11,
352 2600 488 2685 slllyrii
503 2623 559 2663 seu
581 2600 717 2664 Liburni
738 2579 806 2665 sub
820 2599 970 2663 extremis
989 2600 1124 2684 Alpium
1145 2599 1306 2664 radicibus
1330 2614 1437 2685 agunt
1457 2603 1528 2665 inter
1543 2609 1562 2659 1⁵

381 2708 509 2771 Arsiam
525 2706 712 2791 Titiumque
727 2708 861 2783 flumen,
878 2706 1064 2789 longissime
1078 2727 1135 2789 per
1147 2716 1253 2767 totum
1263 2707 1431 2772 Hadriani
1445 2706 1529 2772 maris

381 2813 459 2875 litus
471 2811 573 2874 effusi.
592 2812 627 2873 hi
638 2824 793 2894 regnante
805 2814 954 2873 Teutana
964 2811 1098 2874 muliere
1109 2811 1376 2895 populationibus
1388 2838 1456 2879 non
1467 2837 1529 2878 con·

382 2917 464 2981 tenti
479 2916 629 2979 licentiae
645 2916 748 2979 scelus
764 2916 967 2978 addiderunt.
993 2917 1115 3000 legatos
1132 2916 1250 3000 quippe
1271 2930 1418 2997 nostros,
1444 2922 1483 2984 ob
1501 2940 1530 2983 ea

383 3044 463 3106 quae
479 3020 679 3103 deliquerant
694 3022 762 3083 iure
778 3031 927 3104 argentee,
952 3043 993 3083 ne
1013 3022 1121 3105 gladio
1144 3023 1293 3106 quidem,
1318 3027 1376 3087 sed
1397 3038 1435 3089 ut
1449 3024 1529 3090 uicti·

382 3150 450 3190 mas
466 3126 568 3190 securi
585 3127 783 3210 percutiunt,
803 3127 979 3210 praefectos
998 3128 1134 3191 nauium
1153 3128 1228 3211 igne
1250 3131 1465 3207 comburunt;
1492 3131 1529 3193 id·
1542 3134 1579 3219 ‚²⁰

383 3255 457 3316 que,
475 3254 538 3314 quo
553 3231 718 3315 indignius
734 3233 832 3308 foret,
863 3232 981 3295 mulier
1002 3232 1183 3315 imperauit.
1215 3234 1325 3317 itaque
1348 3237 1446 3301 Gneo
1466 3236 1530 3301 Ful·

383 3340 437 3404 uio
454 3336 636 3409 Centimalo
648 3339 728 3399 duce
747 3336 811 3400 late
824 3340 1006 3401 domantur.
1030 3338 1158 3402 strictae
1174 3363 1299 3403 secures
1311 3341 1347 3404 in
1358 3344 1530 3426 principum

382 3445 466 3510 colla
480 3445 660 3527 legatorum
674 3442 823 3506 manibus
838 3442 985 3506 litauere.

387 3774 397 3820 1
415 3769 514 3837 quippe
527 3766 614 3818 uirtus
628 3784 720 3819 eorum
733 3765 804 3818 sicut
820 3766 907 3836 primo
919 3764 1022 3836 impetu
1035 3766 1121 3818 maior
1137 3780 1153 3819 1
1168 3768 1177 3838 ll
1195 3785 1277 3838 quam
1297 3800 1332 3809 -
1349 3770 1442 3825 minor
1458 3787 1497 3823 om
1511 3779 1530 3827 Β,

387 3854 440 3905 add
456 3871 472 3903 a
485 3856 499 3903 2
513 3868 594 3902 manu
607 3852 616 3921 fl
629 3854 644 3903 2
657 3852 786 3903 humente
798 3863 817 3903 Β
830 3851 839 3920 ΙΙ
852 3853 866 3901 3
886 3867 947 3903 curn
960 3867 1023 3903 mox
1036 3862 1063 3915 Ι,
1086 3869 1154 3921 quae
1167 3870 1232 3905 mox
1243 3865 1269 3906 N
1279 3855 1288 3924 ΙΙ
1303 3855 1455 3909 bleranam
1465 3850 1532 3925 repat

378 3935 470 4007 fleam'
479 3934 602 4002 Haapao
614 3940 729 3987 uacare.
745 3936 753 4004 l
766 3935 913 3988 britomaro
924 3946 950 3987 N
961 3935 970 4005 i
983 3938 999 3988 6
1018 3936 1147 3989 solituros
1158 3949 1183 3989 N
1194 3938 1203 4007 Η
1217 3942 1230 3989 '1
1244 3938 1348 3993 lactrrm
1360 3948 1455 3995 autem
1466 3940 1533 3992 estet

386 4021 475 4075 uictos
488 4036 534 4072 eos
546 4031 561 4071 1
572 4019 581 4089 ll
594 4019 727 4072 aemulius
738 4032 763 4071 N
778 4019 787 4089 Η
809 4018 937 4072 discinxit
954 4024 982 4071 et
999 4020 1073 4089 quod
1085 4021 1141 4074 dux
1162 4039 1254 4075 eorum
1267 4022 1302 4075 da
1326 4041 1443 4080 romano
1461 4024 1533 4078 milio

387 4105 514 4177 praedam
532 4104 611 4156 marti
631 4121 681 4156 suo
694 4111 816 4172 torquem
835 4120 947 4157 aureum
965 4102 1122 4158 deuotasset
1140 4106 1285 4178 intercepit
1295 4108 1332 4179 Ill
1345 4112 1362 4162 8
1375 4110 1503 4163 ariobirto
1512 4117 1532 4166 A

387 4190 504 4246 ariouito
515 4189 559 4259 ΝΙΙ
573 4192 588 4241 9
602 4194 629 4241 ct
642 4188 675 4240 de
688 4188 745 4240 eius
758 4188 843 4258 ipsius
861 4188 1035 4241 ariobistonis
1051 4190 1271 4262 reliquorumque
1290 4193 1429 4262 gallorum
1446 4188 1534 4263 torqui·

386 4278 439 4330 bus
451 4292 562 4328 aureum
573 4286 590 4326 1
600 4272 609 4343 ΙΙ
625 4276 656 4324 10
669 4272 831 4327 flamminius
841 4287 877 4328 ΒΙ
888 4274 896 4345 ll
909 4292 957 4327 rex
970 4294 1079 4347 quoque
1091 4295 1184 4331 eorum
1196 4278 1379 4333 uiridomarus
1390 4295 1500 4333 romana
1510 4299 1534 4316 ν

388 4358 547 4431 promiserat
565 4357 600 4427 ΙΙ(
621 4360 650 4409 11
665 4357 781 4411 uulcano
793 4372 812 4411 Β
831 4360 840 4428 ll
862 4364 891 4412 13
909 4360 967 4413 ioui
985 4378 1059 4414 arma
1077 4362 1219 4431 suspendit
1235 4375 1259 4415 N
1270 4362 1280 4432 ll
1303 4366 1335 4417 ts
1347 4364 1456 4418 illin'is
1468 4364 1477 4435 l
1488 4361 1534 4429 illy-

389 4462 432 4498 res
450 4452 541 4497 autem
560 4444 589 4497 id
608 4449 650 4497 est
662 4444 754 4495 ueneti
766 4462 814 4497 seu
832 4444 979 4498 libumes1
997 4446 1006 4515 ll
1025 4446 1124 4516 lybirni
1140 4447 1185 4517 Nil
1200 4450 1231 4500 16
1250 4448 1430 4520 titullumque
1440 4462 1468 4514 Β,
1482 4448 1534 4501 titu-

390 4529 501 4597 lumque
525 4529 561 4599 Ill
573 4528 731 4599 longissime
749 4528 850 4582 flumen
866 4541 886 4581 Β
899 4529 908 4599 ΙΙ
921 4529 1026 4582 adriani
1043 4531 1098 4601 131ss
1111 4532 1260 4600 imperabat
1276 4534 1335 4604 INl
1347 4538 1384 4588 22
1401 4528 1533 4605 gentimalo

390 4615 444 4684 Bru
458 4613 565 4667 strictae
578 4616 606 4667 in
618 4613 771 4685 principum
784 4614 853 4667 colla
865 4630 971 4666 secures
983 4628 1008 4667 N
1019 4616 1027 4684 {l
