3809 5534
447 590 536 647 XXX
932 599 1129 647 anuarino.

448 772 523 814 cum
547 746 782 813 communicata
807 747 843 810 in
867 747 1012 812 ordinem
1037 750 1206 812 uerhonrm
1231 747 1330 830 recipi
1354 768 1422 810 non
1446 757 1611 829 poterant,

448 857 599 938 pleraque
614 852 743 916 silentio
757 853 974 935 praetermisi,
998 876 1039 916 ne
1060 854 1171 916 amicis
1193 853 1329 936 egregiis
1352 851 1508 916 iniuriam
1530 854 1613 916 face·

448 983 534 1036 rem,
558 960 585 1021 si
600 981 637 1021 ea
652 980 733 1039 quae
747 958 815 1039 ipse
830 958 923 1020 certis
946 960 985 1020 de
1005 958 1109 1021 causis
1131 958 1332 1040 inprobarem
1353 957 1483 1040 publice
1505 968 1613 1022 tamen

448 1085 669 1147 proponerem.

534 1168 637 1233 Video
652 1177 760 1230 autem
774 1189 877 1249 pauca
887 1170 1045 1250 quaedam
1057 1169 1096 1229 de
1108 1166 1337 1249 orthographia
1347 1166 1518 1232 adicienda
1532 1166 1614 1230 mihi

450 1296 537 1349 esse,
568 1294 631 1355 qua
652 1274 693 1335 de
708 1295 742 1335 re
757 1294 831 1340 cum
851 1294 954 1354 nuper
976 1274 1106 1338 demum
1130 1272 1310 1336 accuratius
1331 1272 1496 1339 obseruari
1518 1283 1614 1354 atque

451 1378 601 1442 subtilius
617 1376 724 1459 quaeri
739 1386 888 1459 coeptum
904 1376 964 1451 sit,
980 1375 1016 1442 in
1031 1397 1069 1438 eo
1084 1398 1143 1459 ego
1150 1377 1350 1458 potissimam
1362 1398 1474 1448 curam
1480 1377 1614 1445 adhibui

450 1482 579 1565 utquid
594 1481 747 1544 traditum
761 1492 844 1546 esset
853 1480 952 1544 etiam
967 1479 1002 1542 in
1017 1481 1078 1544 hoc
1092 1491 1208 1563 genere
1216 1481 1336 1563 ubique
1344 1492 1518 1548 constaret.
1536 1504 1613 1546 neu·

449 1599 498 1652 tar
518 1588 604 1651 enim
626 1585 772 1650 codicum
792 1585 958 1667 antiquam
972 1585 1132 1652 scribendi
1152 1584 1309 1652 rationem
1331 1586 1409 1653 satis
1430 1597 1615 1657 wustmter

449 1692 616 1777 expressit,
634 1693 689 1753 sed
703 1690 895 1771 quibusdam
903 1690 1057 1771 exceptis,
1075 1712 1157 1772 quae
1172 1713 1281 1757 omnes
1297 1691 1420 1754 codices
1433 1702 1613 1774 praeterre-

450 1796 649 1862 centissimos
670 1794 819 1857 exhihere
840 1816 928 1856 nunc
941 1795 1020 1860 satis
1035 1806 1173 1871 constat,
1196 1796 1231 1859 in
1246 1806 1381 1878 utroque
1397 1797 1552 1879 antiquae
1566 1820 1613 1860 or·

450 1900 661 1983 thographiae
677 1909 805 1961 tantum
824 1898 964 1981 uestigia
983 1902 1140 1982 quaedam
1161 1901 1254 1983 quasi
1274 1900 1387 1964 inuitis
1407 1901 1549 1972 librariis
1569 1924 1614 1965 re·

448 2006 526 2069 licta
541 2014 626 2068 sunt.
659 2026 756 2086 quam
769 2003 923 2070 librorum
941 2005 1192 2069 inconstantiam
1207 2027 1266 2088 ego
1281 2028 1407 2089 quoque
1422 2010 1615 2074 senrandam

449 2122 557 2186 ratus,
574 2110 631 2173 ubi
646 2110 739 2173 ambo
754 2109 789 2171 in
804 2110 937 2192 antiqua
950 2110 1111 2175 scribendi
1125 2112 1248 2174 ratione
1270 2112 1473 2195 conspirant,
1497 2134 1552 2176 eos
1569 2134 1613 2178 se-

450 2228 544 2280 cutus
560 2237 632 2279 sum
644 2215 810 2297 perpaucis
824 2215 1018 2297 quibusdam
1033 2216 1192 2299 exceptis,
1224 2238 1307 2298 quae
1330 2239 1406 2285 cum
1428 2219 1529 2281 semel
1545 2229 1613 2288 tan-

450 2333 522 2385 tum
537 2321 591 2383 uel
610 2320 661 2383 his
682 2321 801 2402 scripta
821 2331 948 2395 extent,
978 2322 1161 2387 adnotanda
1184 2322 1291 2403 potius
1314 2344 1412 2404 quam
1431 2322 1614 2405 recipienda

451 2426 540 2490 duxi.
572 2424 629 2488 ubi
643 2424 727 2488 inter
742 2446 775 2487 se
790 2425 988 2507 discrepant,
1006 2434 1035 2486 B
1048 2426 1253 2508 potissimum
1268 2427 1427 2508 expressi,
1449 2426 1514 2491 nisi
1529 2428 1614 2510 quod

450 2553 491 2594 ex
505 2536 544 2594 N
554 2551 680 2612 quoque
694 2551 732 2592 ea
747 2529 851 2612 recepi
866 2552 947 2612 quae
963 2541 1047 2593 recte
1063 2531 1181 2597 tradita
1196 2554 1264 2596 esse
1279 2542 1366 2598 certo
1381 2542 1520 2603 constat.
1554 2533 1613 2603 hac

451 2637 505 2700 uia
520 2647 557 2698 ut
572 2635 818 2717 ingrediendum
831 2645 978 2717 putarem
993 2638 1076 2697 duae
1091 2637 1231 2698 maxime
1247 2658 1361 2707 causae
1376 2636 1521 2704 fuerunt.
1550 2638 1612 2720 pri-

449 2764 540 2806 mum
554 2742 641 2806 euim
656 2740 811 2821 antiquos
826 2740 993 2822 scriptores
1014 2762 1081 2806 non
1102 2762 1172 2803 eam
1190 2741 1226 2803 in
1245 2741 1333 2804 hisce
1354 2742 1449 2804 rebus
1464 2754 1612 2805 constan·

450 2848 530 2908 tiam
545 2867 687 2909 seruasse
702 2866 765 2926 qua
780 2867 838 2910 nos
853 2846 902 2907 uti
917 2846 1056 2912 solemus
1076 2867 1264 2927 persuasum
1280 2856 1346 2921 est,
1370 2857 1402 2909 et
1417 2868 1613 2929 quamquam

451 2972 489 3012 ea
503 2949 661 3013 scribendi
675 2948 756 3012 ratio
771 2970 852 3030 quae
867 2971 923 3030 per
938 2950 1061 3013 codices
1082 2951 1174 3016 nobis
1199 2950 1317 3013 tradita
1337 2953 1442 3023 estad
1455 2962 1612 3033 gramma·

451 3054 530 3119 ticos
545 3055 652 3137 potius
668 3074 764 3136 quam
780 3056 821 3117 ad
841 3054 1008 3145 scriptores
1028 3054 1114 3136 ipsos
1140 3055 1305 3126 referenda
1325 3067 1390 3131 est,
1417 3067 1529 3120 tamen
1552 3079 1614 3139 qua

451 3160 713 3242 seueritateleges
722 3170 892 3222 etnormae
905 3162 944 3222 ab
957 3160 1008 3223 his
1019 3160 1173 3223 inuentae
1185 3160 1318 3242 antiquo
1331 3172 1475 3243 tempore
1483 3173 1613 3232 exactae

450 3264 517 3328 sint
544 3266 633 3328 haud
660 3286 821 3347 quaquam
849 3275 985 3328 constat.
1023 3275 1093 3331 tum
1113 3287 1189 3328 uero
1204 3266 1349 3329 nondum
1363 3281 1515 3337 accurata
1528 3267 1612 3330 codi-

450 3390 525 3430 cum
539 3369 809 3452 pervestigatione
824 3381 856 3431 et
871 3369 1072 3450 singulanrm
1093 3392 1199 3438 rerum
1218 3372 1470 3453 perscrutatione
1487 3394 1525 3443 eo
1545 3395 1613 3455 per-

449 3484 587 3538 uentum
617 3484 665 3537 est
688 3485 725 3536 ut
748 3475 787 3536 de
808 3474 975 3555 permultis
996 3497 1077 3557 quae
1099 3476 1164 3538 huc
1183 3476 1347 3557 pertinent
1367 3477 1445 3548 satis
1465 3487 1539 3547 tuto
1560 3480 1611 3541 de·

449 3602 577 3645 cernere
591 3580 702 3656 liceat,
720 3580 805 3663 quod
820 3589 894 3643 ante
909 3601 1006 3661 quam
1027 3580 1098 3644 fieri
1117 3581 1218 3663 possit
1238 3581 1367 3664 singula
1381 3604 1527 3665 quaeque
1543 3583 1612 3653 dili-

450 3697 562 3769 genter
577 3687 777 3750 ohseruanda
793 3697 824 3748 et
852 3684 1034 3768 colligenda
1049 3697 1141 3761 sunt,
1167 3697 1205 3749 ut
1218 3686 1294 3750 inde
1309 3698 1466 3769 quantum
1483 3687 1612 3769 quidem

449 3791 519 3852 fieri
533 3800 639 3873 potest
654 3802 758 3853 certae
772 3792 858 3874 leges
875 3793 1085 3853 deducantur.
1117 3801 1150 3852 et
1170 3813 1188 3853 e
1208 3791 1316 3858 codice
1337 3800 1366 3853 B
1380 3790 1465 3865 nihil
1479 3792 1545 3861 sere
1560 3791 1612 3853 uel

449 3893 485 3954 in
499 3894 560 3956 hoc
574 3916 689 3977 genere
704 3895 963 3976 praetermissum
979 3917 1046 3960 esse
1058 3895 1269 3977 promiserim,
1286 3919 1327 3959 ex
1338 3898 1438 3959 altero
1449 3902 1487 3959 N
1500 3895 1612 3980 siquid

449 3997 530 4061 forte
543 3999 728 4080 neglectum
743 4009 802 4075 est,
819 4000 918 4063 idme
933 4001 1063 4063 nolente
1077 4000 1199 4065 factum
1214 4012 1273 4063 est.

535 4105 585 4166 De
612 4103 804 4185 quibusdam
825 4115 933 4169 tamen
955 4104 1008 4170 hic
1033 4127 1137 4187 pauca
1156 4108 1317 4172 monenda
1338 4108 1431 4175 duco.
1469 4106 1611 4188 quadiu

450 4208 598 4273 omnibus
614 4209 677 4271 fere
694 4207 855 4272 codicibus
872 4212 1038 4273 obseruare
1054 4210 1142 4285 licet,
1160 4221 1197 4272 ut
1211 4234 1228 4273 e
1243 4221 1276 4273 et
1290 4234 1327 4273 ae
1341 4211 1523 4293 promiscue
1538 4210 1610 4275 scri-

448 4318 583 4391 bantur,
612 4313 646 4376 id
660 4314 694 4375 in
711 4323 845 4395 utroque
860 4314 967 4377 codice
988 4316 1095 4377 locum
1110 4316 1226 4391 hahet,
1250 4316 1297 4383 ita
1316 4326 1354 4377 ut
1376 4318 1532 4388 adnotare
1553 4338 1608 4380 no·

448 4421 581 4500 luerim,
609 4418 672 4482 nisi
692 4419 859 4501 perpaucis
880 4419 958 4483 locis
980 4420 1037 4484 ubi
1062 4423 1186 4486 adrem
1210 4421 1343 4488 fortasse
1369 4421 1472 4489 facere
1498 4422 1608 4506 possit.

449 4534 540 4588 tanta
554 4526 641 4588 enim
655 4524 813 4599 uarietas,
837 4535 928 4590 tanta
949 4526 1047 4590 etiam
1072 4525 1108 4588 in
1135 4526 1342 4607 apertissimis
1357 4528 1451 4597 rebus
1467 4527 1611 4596 confusio

449 4619 573 4692 obtinet
587 4640 624 4694 ut
638 4630 758 4714 ubique
766 4630 819 4692 uel
834 4631 894 4695 hoc
906 4631 960 4692 uel
971 4629 1054 4693 illud
1072 4640 1167 4713 prout
1181 4630 1262 4693 ratio
1270 4631 1361 4694 iubet
1374 4641 1445 4695 tuto
1459 4652 1611 4715 reponere
