3809 5534
363 580 424 641 122
843 597 914 642 ivm
930 596 1029 641 rnoru

361 752 434 827 bus,
452 750 510 814 hos
526 749 689 814 obsidibus
706 746 876 825 astrinxit,
892 750 951 812 hos
967 749 1028 812 snb
1043 770 1161 812 corona
1174 748 1244 812 iure
1258 748 1337 812 belli
1352 750 1517 811 uenunde-

362 856 421 920 dit.
447 856 546 939 digna
559 878 609 918 res
623 855 727 930 lauro,
744 854 842 937 digna
857 877 952 918 curru
968 854 1095 919 senatui
1110 855 1181 918 uisa
1203 866 1251 919 cst
1259 881 1269 932 ;
1295 858 1353 919 sed
1368 854 1434 935 iam
1450 865 1517 918 tan-

364 975 415 1027 tus
431 973 498 1026 erat
513 964 630 1027 Cacsar
645 972 682 1023 ut
698 959 860 1044 triumpho
876 960 986 1045 augeri
1007 972 1237 1025 contemneret.
1261 963 1399 1025 Astures
1414 984 1472 1044 per
1486 962 1519 1025 id

363 1080 490 1153 tempus
506 1065 632 1151 ingenti
646 1067 774 1151 agmine
790 1091 809 1132 a
823 1068 988 1134 montibus
1003 1067 1109 1132 niueis
1124 1070 1367 1132 descenderant.
1392 1089 1453 1131 nec
1474 1078 1519 1132 te-

363 1198 448 1240 mere
461 1186 608 1259 sumptus
620 1174 761 1238 barbaris
776 1175 947 1238 uidebatur
960 1185 1030 1238 tum
1038 1174 1178 1258 impetus
1184 1198 1194 1250 ;
1209 1176 1265 1238 sed
1282 1172 1397 1257 positis
1409 1174 1520 1238 castris
1541 1189 1564 1239 5

365 1285 451 1366 apud
464 1282 618 1345 Asturam
632 1281 753 1344 flumen
769 1280 925 1344 trifariam
940 1281 1046 1345 diuiso
1061 1281 1189 1365 agmine
1208 1280 1271 1345 tria
1286 1279 1386 1343 simul
1401 1282 1520 1344 Roma-

364 1411 480 1452 norum
496 1387 627 1472 adgredi
636 1398 752 1471 parant
773 1399 887 1451 castra.
912 1386 1088 1470 fuissetque
1109 1409 1225 1470 anceps
1247 1398 1281 1450 et
1301 1397 1477 1450 cruentum
1491 1398 1523 1451 et

259 1479 262 1486 ¹
364 1496 516 1559 ultimum
530 1506 645 1559 mutua
659 1496 749 1559 clade
763 1506 926 1558 certamen
947 1516 1023 1557 cum
1043 1504 1110 1556 tam
1132 1493 1287 1569 fortibus,
1309 1504 1379 1557 tam
1400 1494 1520 1570 subit0,

364 1613 431 1665 tam
452 1624 527 1665 cum
549 1602 683 1665 consilio
698 1601 923 1677 uenientibus,
950 1598 1015 1662 nisi
1030 1599 1213 1682 Brigaecini
1239 1599 1479 1683 prodidissent,
1503 1623 1521 1663 a

364 1708 480 1791 quibus
495 1707 713 1791 praemonitus
729 1707 871 1772 Carisius
886 1728 962 1769 cum
976 1706 1118 1770 exercitu
1139 1706 1282 1769 aduenit.
1306 1729 1365 1790 pro
1388 1706 1524 1770 uictoria
1548 1722 1561 1771 1

363 1814 427 1878 fuit
449 1814 641 1897 oppressisse
664 1814 814 1890 consilia,
842 1812 888 1876 sic
908 1835 1034 1896 quoque
1054 1836 1121 1876 non
1141 1813 1311 1877 incruento
1332 1812 1520 1875 certamine.

364 1919 516 2002 reliquias
531 1918 596 1981 susi
610 1918 769 1983 exercitus
789 1918 989 1983 ualidissima
1010 1919 1125 1983 ciuitas
1146 1921 1275 1983 Lancea
1296 1919 1446 2003 excepit,
1468 1919 1523 1983 ubi

365 2047 440 2088 cum
453 2024 531 2088 locis
548 2026 626 2088 adeo
641 2034 800 2088 certatum
815 2036 926 2102 estut,
944 2048 1018 2090 cum
1032 2026 1068 2088 in
1079 2036 1207 2110 captam
1221 2027 1335 2090 urbem
1349 2026 1438 2089 faces
1453 2048 1521 2110 pos-

365 2141 523 2209 cerentur,
541 2153 633 2215 aegre
649 2133 717 2194 dux
730 2131 952 2214 impetrauerit
967 2133 1098 2196 ueniam
1104 2180 1116 2210 ,
1133 2143 1171 2196 ut
1186 2131 1340 2195 uictoriae
1356 2134 1521 2196 Romanae

365 2248 454 2303 stans
469 2238 576 2322 potius
592 2248 675 2301 esset
691 2260 788 2320 quam
802 2237 934 2301 incensa
948 2249 1205 2302 monumentum.
1535 2250 1557 2298 u

452 2344 518 2407 Hic
533 2345 607 2408 finis
622 2347 772 2429 Augusto
785 2344 974 2407 bellicorum
989 2346 1201 2408 certaminum
1215 2344 1297 2420 fuit,
1320 2344 1411 2407 idem
1426 2344 1519 2407 rebel·

365 2449 456 2512 landi
470 2450 545 2514 finis
561 2451 752 2535 Hispaniae.
776 2461 863 2513 certa
876 2473 953 2515 mox
967 2454 1047 2515 fides
1063 2463 1095 2515 et
1110 2462 1239 2515 aeterna
1254 2472 1332 2534 pax,
1350 2473 1429 2513 cum
1442 2451 1518 2533 ipso·

366 2578 439 2620 rum
454 2556 585 2641 ingenio
607 2557 643 2619 in
662 2556 749 2640 pacis
774 2567 855 2620 artes
877 2557 1090 2641 promptiore,
1115 2566 1185 2619 tum
1206 2556 1341 2620 consilio
1365 2556 1516 2631 Caesaris,

367 2663 424 2747 qui
437 2664 590 2728 fiduciam
604 2664 765 2728 montium
781 2664 898 2729 timens
913 2665 949 2727 in
964 2687 1043 2749 quos
1058 2686 1092 2727 se
1107 2663 1316 2746 recipiebant,
1330 2677 1439 2727 castra
1454 2686 1515 2738 sua,

366 2768 443 2851 'quia
456 2767 491 2831 in
513 2771 610 2852 plano
627 2781 735 2847 crant,
760 2771 905 2835 habitare
921 2782 954 2835 et
968 2771 1109 2834 incolere
1124 2769 1229 2833 iussit.
1261 2768 1309 2832 ibi
1326 2770 1438 2852 gentis
1460 2790 1518 2833 esse
1530 2777 1553 2827 n

366 2874 550 2950 consilium,
565 2875 648 2938 illud
654 2877 823 2939 obseruare
831 2886 938 2961 caput.
954 2878 1084 2940 fauebat
1096 2875 1230 2939 consilio
1241 2861 1360 2939 natura
1370 2877 1513 2960 regionis.

367 2980 572 3044 circumcirca
584 2982 688 3046 omnis
703 2982 840 3046 aurifera
848 2994 896 3046 est
907 2994 939 3046 et
950 2983 1165 3066 chrysocollae
1176 2981 1333 3065 miniique
1343 2993 1377 3045 et
1388 2983 1515 3046 aliorum

367 3088 511 3151 colorum
521 3088 621 3152 ferax.
639 3088 749 3173 itaque
761 3089 899 3153 exerceri
914 3091 1020 3153 solum
1034 3089 1139 3153 iussit.
1165 3088 1211 3152 sic
1221 3089 1359 3180 Astures
1371 3088 1407 3151 ui
1422 3090 1514 3153 laten·

370 3310 382 3359 1
403 3306 550 3361 adstrinxit
565 3320 591 3360 N
600 3308 609 3378 1
622 3316 816 3363 succoronatnr
831 3310 926 3365 rebelli
943 3311 988 3381 Ν1
1008 3315 1023 3364 2
1043 3310 1140 3381 dignas
1158 3326 1253 3363 currus
1270 3322 1291 3364 B
1303 3308 1312 3379 11
1332 3309 1417 3363 etiam
1436 3328 1516 3365 cassu

366 3398 459 3445 tantus
472 3399 530 3446 erat
538 3406 564 3447 N
574 3395 582 3466 11
597 3399 611 3448 3
625 3403 656 3448 nt
667 3396 805 3466 triumpho
817 3396 910 3466 angeri
923 3403 1107 3449 contemneret
1117 3394 1228 3464 sampsi:
1242 3394 1338 3464 augeri
1350 3403 1515 3467 contempne-

365 3486 408 3532 ret
419 3486 451 3552 ut
463 3480 615 3551 triumphos
621 3493 649 3546 B,
664 3488 696 3534 ut
708 3488 799 3551 posset
809 3482 961 3552 triumphos
974 3488 1144 3534 contemnere
1156 3480 1200 3550 Ν1
1213 3480 1285 3533 idem
1297 3492 1323 3533 N
1333 3480 1342 3551 1
1356 3484 1372 3533 4
1385 3482 1516 3535 montibus

367 3565 424 3618 suis
435 3578 461 3619 Ν
471 3566 480 3636 11
493 3571 507 3619 5
522 3574 646 3638 sumptus
659 3574 690 3620 ut
702 3567 822 3620 barbaris
833 3581 859 3620 Ν
869 3568 877 3639 11
891 3569 1036 3621 uidebatur
1049 3573 1088 3618 tu
1106 3578 1139 3629 a,
1162 3584 1204 3617 om
1222 3579 1248 3619 Ν
1259 3567 1267 3637 11
1281 3566 1369 3636 impes
1382 3572 1411 3619 et
1429 3565 1515 3637 positis

366 3663 392 3704 Ν
402 3649 411 3720 11
424 3655 440 3704 6
453 3659 568 3705 astaram
579 3665 607 3716 B,
622 3670 728 3706 souram
739 3664 765 3705 N
775 3653 783 3719 11
797 3652 916 3707 indiuiso
926 3665 952 3706 N
962 3653 971 3723 11
985 3657 999 3704 7
1013 3659 1100 3704 castra
1112 3650 1224 3720 adgredi
1236 3660 1335 3721 parant
1352 3665 1378 3705 N
1389 3654 1399 3723 11
1418 3671 1471 3723 que
1481 3669 1515 3703 om

366 3748 392 3789 N
402 3736 410 3805 11
425 3739 439 3787 8
453 3738 579 3791 ultimum
591 3738 641 3790 edd
651 3742 724 3790 uctt:
746 3738 850 3790 utinam
867 3750 912 3790 BN
921 3738 930 3807 11
943 3746 1010 3791 tunc
1022 3743 1113 3789 tamen
1126 3736 1280 3789 fortibusN
1290 3737 1299 3807 11
1313 3745 1370 3790 tam
1391 3756 1425 3800 ςε
1445 3753 1517 3808 quam

367 3833 400 3883 B,
420 3820 473 3873 iam
484 3833 510 3873 N
521 3822 529 3891 11
543 3826 558 3874 9
572 3822 716 3876 dricaecini
727 3834 755 3889 B,
775 3823 923 3893 drigaecini
933 3835 960 3876 N
969 3825 978 3893 11
991 3821 1176 3893 prouidissent
1193 3820 1292 3890 quibus
1310 3834 1331 3875 Β
1344 3823 1353 3893 11
1369 3825 1402 3875 10
1415 3821 1518 3876 aduenit

369 3906 568 3974 oppraessissed
587 3908 699 3960 consilia
716 3920 742 3961 N
758 3908 767 3973 11
786 3926 835 3978 pro
850 3908 960 3977 scripsi:
977 3912 1060 3976 prout
1074 3904 1116 3975 a„
1131 3908 1159 3957 11
1175 3906 1214 3959 sic
1233 3924 1343 3976 quoque
1355 3909 1468 3979 empuis
1485 3906 1518 3960 sic

367 3996 458 4042 tamen
471 4008 582 4060 quoquo
592 4004 627 4056 B,
654 3994 692 4046 sic
709 4000 799 4047 tamen
813 4011 921 4064 quoque
935 4006 962 4047 N
983 3991 992 4061 1
1013 3995 1042 4043 12
1062 3991 1151 4044 lancia
1165 4003 1191 4044 N
1210 3991 1219 4061 11
1234 3992 1342 4063 >excipit
1358 4005 1378 4046 B
1399 3994 1409 4064 1
1430 3998 1460 4047 13
1472 3991 1518 4046 1οεί

367 4088 392 4130 N
402 4075 411 4146 11
424 4083 661 4147 poposcerenturs
679 4080 688 4150 11
703 4081 733 4131 11
745 4078 937 4149 impetrauerat
948 4091 974 4132 N
989 4078 997 4149 1
1018 4078 1117 4131 uictori
1128 4098 1169 4124 m
1181 4077 1285 4131 omanis
1302 4096 1339 4131 an
1358 4080 1453 4149 potius
1469 4094 1519 4132 essa

367 4180 449 4236 quam
461 4162 572 4216 incensa
583 4183 624 4211 ros
636 4172 776 4217 amentum
788 4176 807 4216 B
820 4165 828 4236 11
844 4168 875 4217 16
888 4164 998 4234 augusti
1014 4164 1079 4216 belli
1099 4164 1220 4218 ciuilium
1237 4164 1368 4217 certamin
1381 4185 1410 4212 *s
1422 4162 1518 4232 1111111

370 4250 400 4301 17
414 4255 485 4303 terta
496 4261 522 4303 N
531 4249 541 4320 11
556 4253 587 4303 18
600 4255 657 4301 arte
669 4262 697 4313 B,
717 4257 806 4320 partes
817 4262 843 4303 N
854 4248 862 4320 11
875 4249 1025 4319 promptior
1037 4255 1065 4302 et
1077 4266 1139 4301 cum
1155 4260 1181 4301 N
1191 4248 1201 4317 11
1218 4251 1247 4300 19
1267 4266 1321 4318 quo
1339 4262 1365 4302 N
1381 4250 1391 4319 1
1412 4267 1462 4303 sua
1477 4247 1520 4302 sed

368 4352 437 4408 quaa
450 4335 478 4389 in
490 4349 516 4390 N
526 4338 534 4408 11
549 4341 580 4391 20
592 4335 713 4405 bigentis
723 4348 749 4389 N
759 4336 768 4406 11
782 4337 812 4388 21
834 4334 976 4388 consilium
994 4334 1041 4387 ubi
1060 4333 1129 4387 illud
1146 4347 1166 4387 Β
1178 4334 1187 4405 11
1200 4333 1341 4388 obseruari
1358 4348 1386 4389 N
1396 4336 1406 4407 1
1418 4334 1521 4389 fauebat

368 4437 410 4472 om
421 4433 448 4475 N
458 4422 467 4492 11
480 4423 602 4493 positura
612 4434 632 4474 B
644 4420 653 4491 11
667 4424 699 4474 22
713 4420 885 4473 circumcirca
896 4418 993 4488 scripsi
999 4441 1008 4471 :
1029 4420 1099 4473 circa
1111 4437 1172 4473 cum
1184 4432 1211 4484 B,
1227 4419 1298 4473 circa
1310 4438 1340 4473 se
1351 4433 1379 4474 N
1389 4421 1399 4491 1
1413 4420 1521 4475 aurifera

369 4511 411 4558 cst
422 4506 519 4576 scripsi
524 4528 533 4558 .-
562 4508 694 4560 auriferae
717 4519 751 4571 s,
778 4505 894 4558 aurifera
906 4505 950 4574 Ν1
964 4513 991 4557 et
1003 4505 1159 4559 chrisocalle
1172 4504 1305 4575 miniique
1316 4519 1346 4570 B,
1360 4507 1521 4574 minimeque

370 4594 397 4640 et
410 4590 592 4645 chrusocollae
603 4603 629 4646 N
639 4591 648 4661 11
662 4596 694 4645 23
707 4596 834 4653 astares,
848 4597 980 4642 astumres
998 4602 1023 4643 N
1033 4591 1042 4661 11
1055 4591 1084 4644 ui
1095 4592 1210 4645 latentes
1228 4591 1344 4660 scrupeis
1367 4592 1486 4645 nitentes
1496 4601 1519 4651 N,

371 4680 402 4726 nt
414 4675 527 4728 latentes
538 4688 562 4729 N
574 4677 583 4746 11
