<?xml version="1.0" encoding="UTF-8"?>
<!DOCTYPE html PUBLIC "-//W3C//DTD XHTML 1.0 Transitional//EN"
    "http://www.w3.org/TR/xhtml1/DTD/xhtml1-transitional.dtd">
<html xmlns="http://www.w3.org/1999/xhtml" xml:lang="en" lang="en">
 <head>
  <title>
</title>
<meta http-equiv="Content-Type" content="text/html;charset=utf-8" />
  <meta name='ocr-system' content='tesseract 3.04.00' />
  <meta name='ocr-capabilities' content='ocr_page ocr_carea ocr_par ocr_line ocrx_word'/>
</head>
<body>
  <div class='ocr_page' id='page_1' title='image "./iulifloriepitom00florgoog_0162.png"; bbox 0 0 3809 5534; ppageno 0'>
   <div class='ocr_carea' id='block_1_1' title="bbox 370 597 1030 657">
    <p class='ocr_par' dir='ltr' id='par_1_1' title="bbox 370 597 1030 657">
     <span class='ocr_line' id='line_1_1' title="bbox 370 597 1030 657; baseline 0 -1"><span class='ocrx_word' id='word_1_1' title='bbox 370 597 429 657; x_wconf 79' lang='lat'><strong>104</strong></span> <span class='ocrx_word' id='word_1_2' title='bbox 845 611 916 656; x_wconf 84' lang='lat' dir='ltr'><strong>1er</strong></span> <span class='ocrx_word' id='word_1_3' title='bbox 931 611 1030 656; x_wconf 75' lang='lat' dir='ltr'><strong>sacar</strong></span> 
     </span>
    </p>
   </div>
   <div class='ocr_carea' id='block_1_2' title="bbox 244 760 1555 3809">
    <p class='ocr_par' dir='ltr' id='par_1_2' title="bbox 366 760 1553 1457">
     <span class='ocr_line' id='line_1_2' title="bbox 366 760 1519 845; baseline -0.001 -18"><span class='ocrx_word' id='word_1_4' title='bbox 366 775 425 839; x_wconf 88' lang='lat' dir='ltr'><strong>est,</strong></span> <span class='ocrx_word' id='word_1_5' title='bbox 443 784 523 845; x_wconf 91' lang='lat' dir='ltr'><strong>quae</strong></span> <span class='ocrx_word' id='word_1_6' title='bbox 538 760 658 824; x_wconf 79' lang='lat' dir='ltr'><strong>lanceis</strong></span> <span class='ocrx_word' id='word_1_7' title='bbox 673 760 870 843; x_wconf 83' lang='lat' dir='ltr'><strong>tragulisque</strong></span> <span class='ocrx_word' id='word_1_8' title='bbox 885 765 1012 825; x_wconf 84' lang='lat' dir='ltr'><strong>confixa</strong></span> <span class='ocrx_word' id='word_1_9' title='bbox 1026 762 1112 825; x_wconf 89' lang='lat' dir='ltr'><strong>inter</strong></span> <span class='ocrx_word' id='word_1_10' title='bbox 1126 783 1160 825; x_wconf 89' lang='lat' dir='ltr'><strong>se</strong></span> <span class='ocrx_word' id='word_1_11' title='bbox 1176 765 1381 839; x_wconf 86' lang='lat' dir='ltr'><strong>tenebantur,</strong></span> <span class='ocrx_word' id='word_1_12' title='bbox 1397 799 1440 810; x_wconf 94' lang='lat'><em>-</em></span> <span class='ocrx_word' id='word_1_13' title='bbox 1454 764 1519 826; x_wconf 83' lang='lat' dir='ltr'><strong>foe·</strong></span> 
     </span>
     <span class='ocr_line' id='line_1_3' title="bbox 366 867 1519 952; baseline 0.002 -21"><span class='ocrx_word' id='word_1_14' title='bbox 366 871 445 932; x_wconf 91' lang='lat' dir='ltr'><strong>dum</strong></span> <span class='ocrx_word' id='word_1_15' title='bbox 466 868 564 931; x_wconf 88' lang='lat' dir='ltr'><strong>etiam</strong></span> <span class='ocrx_word' id='word_1_16' title='bbox 584 867 620 929; x_wconf 91' lang='lat' dir='ltr'><strong>in</strong></span> <span class='ocrx_word' id='word_1_17' title='bbox 640 868 801 930; x_wconf 87' lang='lat' dir='ltr'><strong>barbaros.</strong></span> <span class='ocrx_word' id='word_1_18' title='bbox 833 868 889 929; x_wconf 89' lang='lat' dir='ltr'><strong>sed</strong></span> <span class='ocrx_word' id='word_1_19' title='bbox 910 867 1062 931; x_wconf 89' lang='lat' dir='ltr'><strong>uidelicet</strong></span> <span class='ocrx_word' id='word_1_20' title='bbox 1082 868 1253 932; x_wconf 87' lang='lat' dir='ltr'><strong>uictoriam</strong></span> <span class='ocrx_word' id='word_1_21' title='bbox 1272 869 1519 952; x_wconf 73' lang='lat' dir='ltr'><strong>desperantibus</strong></span> 
     </span>
     <span class='ocr_line' id='line_1_4' title="bbox 367 972 1519 1056; baseline 0.001 -19"><span class='ocrx_word' id='word_1_22' title='bbox 367 973 502 1056; x_wconf 85' lang='lat' dir='ltr'>Pompei</span> <span class='ocrx_word' id='word_1_23' title='bbox 515 972 650 1048; x_wconf 89' lang='lat' dir='ltr'><strong>liberis,·</strong></span> <span class='ocrx_word' id='word_1_24' title='bbox 666 973 797 1036; x_wconf 87' lang='lat' dir='ltr'><strong>Gneum</strong></span> <span class='ocrx_word' id='word_1_25' title='bbox 817 972 938 1055; x_wconf 91' lang='lat' dir='ltr'><strong>proelio</strong></span> <span class='ocrx_word' id='word_1_26' title='bbox 952 974 1145 1056; x_wconf 74' lang='lat' dir='ltr'><strong>profugum,</strong></span> <span class='ocrx_word' id='word_1_27' title='bbox 1169 994 1265 1036; x_wconf 83' lang='lat' dir='ltr'><strong>crure.</strong></span> <span class='ocrx_word' id='word_1_28' title='bbox 1276 974 1443 1051; x_wconf 92' lang='lat' dir='ltr'><strong>saucium,-</strong></span> <span class='ocrx_word' id='word_1_29' title='bbox 1466 976 1519 1038; x_wconf 88' lang='lat' dir='ltr'><strong>de·</strong></span> 
     </span>
     <span class='ocr_line' id='line_1_5' title="bbox 366 1059 1519 1163; baseline 0.001 -20"><span class='ocrx_word' id='word_1_30' title='bbox 366 1090 450 1143; x_wconf 87' lang='lat' dir='ltr'><strong>serta</strong></span> <span class='ocrx_word' id='word_1_31' title='bbox 475 1090 507 1141; x_wconf 90' lang='lat' dir='ltr'><strong>et</strong></span> <span class='ocrx_word' id='word_1_32' title='bbox 532 1077 608 1140; x_wconf 89' lang='lat' dir='ltr'><strong>auia</strong></span> <span class='ocrx_word' id='word_1_33' title='bbox 638 1087 803 1141; x_wconf 88' lang='lat' dir='ltr'><strong>tenentem</strong></span> <span class='ocrx_word' id='word_1_34' title='bbox 835 1078 1013 1142; x_wconf 80' lang='lat' dir='ltr'><strong>Caesonius</strong></span> <span class='ocrx_word' id='word_1_35' title='bbox 1047 1089 1126 1162; x_wconf 91' lang='lat' dir='ltr'><strong>aput</strong></span> <span class='ocrx_word' id='word_1_36' title='bbox 1151 1059 1348 1142; x_wconf 29' lang='lat' dir='ltr'><strong>Lauronem*</strong></span> <span class='ocrx_word' id='word_1_37' title='bbox 1362 1080 1519 1163; x_wconf 90' lang='lat' dir='ltr'><strong>oppidum</strong></span> 
     </span>
     <span class='ocr_line' id='line_1_6' title="bbox 366 1184 1553 1269; baseline 0.003 -22"><span class='ocrx_word' id='word_1_38' title='bbox 366 1193 572 1259; x_wconf 83' lang='lat' dir='ltr'><strong>consecutus,</strong></span> <span class='ocrx_word' id='word_1_39' title='bbox 595 1194 794 1267; x_wconf 80' lang='lat' dir='ltr'><strong>pugnantem</strong></span> <span class='ocrx_word' id='word_1_40' title='bbox 817 1184 915 1268; x_wconf 89' lang='lat' dir='ltr'><strong>[adeo</strong></span> <span class='ocrx_word' id='word_1_41' title='bbox 935 1185 1082 1246; x_wconf 90' lang='lat' dir='ltr'><strong>nondum</strong></span> <span class='ocrx_word' id='word_1_42' title='bbox 1101 1185 1316 1269; x_wconf 76' lang='lat' dir='ltr'><strong>desperabat}</strong></span> <span class='ocrx_word' id='word_1_43' title='bbox 1334 1184 1516 1263; x_wconf 85' lang='lat' dir='ltr'><strong>interfecit;</strong></span> <span class='ocrx_word' id='word_1_44' title='bbox 1537 1200 1553 1249; x_wconf 78' lang='lat'><strong>5</strong></span> 
     </span>
     <span class='ocr_line' id='line_1_7' title="bbox 367 1288 1519 1375; baseline 0.002 -23"><span class='ocrx_word' id='word_1_45' title='bbox 367 1290 504 1353; x_wconf 85' lang='lat' dir='ltr'>Sextum</span> <span class='ocrx_word' id='word_1_46' title='bbox 528 1289 658 1351; x_wconf 84' lang='lat' dir='ltr'><strong>fortuna</strong></span> <span class='ocrx_word' id='word_1_47' title='bbox 682 1288 718 1350; x_wconf 87' lang='lat' dir='ltr'><strong>in</strong></span> <span class='ocrx_word' id='word_1_48' title='bbox 740 1288 915 1353; x_wconf 79' lang='lat' dir='ltr'><strong>Celtiberia</strong></span> <span class='ocrx_word' id='word_1_49' title='bbox 933 1288 1066 1352; x_wconf 84' lang='lat' dir='ltr'><strong>interim</strong></span> <span class='ocrx_word' id='word_1_50' title='bbox 1090 1289 1258 1353; x_wconf 79' lang='lat' dir='ltr'><strong>abscondit</strong></span> <span class='ocrx_word' id='word_1_51' title='bbox 1284 1290 1423 1373; x_wconf 82' lang='lat' dir='ltr'><strong>aliisque</strong></span> <span class='ocrx_word' id='word_1_52' title='bbox 1446 1301 1519 1375; x_wconf 90' lang='lat' dir='ltr'><strong>post</strong></span> 
     </span>
     <span class='ocr_line' id='line_1_8' title="bbox 367 1394 815 1457; baseline -0.004 0"><span class='ocrx_word' id='word_1_53' title='bbox 367 1396 535 1457; x_wconf 86' lang='lat' dir='ltr'><strong>Caesarem</strong></span> <span class='ocrx_word' id='word_1_54' title='bbox 549 1394 643 1457; x_wconf 91' lang='lat' dir='ltr'><strong>bellis</strong></span> <span class='ocrx_word' id='word_1_55' title='bbox 663 1394 815 1457; x_wconf 90' lang='lat' dir='ltr'><strong>seruauit.</strong></span> 
     </span>
    </p>

    <p class='ocr_par' dir='ltr' id='par_1_3' title="bbox 364 1499 1555 2004">
     <span class='ocr_line' id='line_1_9' title="bbox 462 1499 1521 1582; baseline 0.001 -19"><span class='ocrx_word' id='word_1_56' title='bbox 462 1501 579 1564; x_wconf 88' lang='lat' dir='ltr'><strong>Caesar</strong></span> <span class='ocrx_word' id='word_1_57' title='bbox 603 1499 639 1561; x_wconf 92' lang='lat' dir='ltr'><strong>in</strong></span> <span class='ocrx_word' id='word_1_58' title='bbox 664 1500 801 1582; x_wconf 89' lang='lat' dir='ltr'><strong>patriam</strong></span> <span class='ocrx_word' id='word_1_59' title='bbox 825 1499 929 1562; x_wconf 91' lang='lat' dir='ltr'><strong>uictor</strong></span> <span class='ocrx_word' id='word_1_60' title='bbox 954 1499 1139 1575; x_wconf 88' lang='lat' dir='ltr'><strong>inuehitur,</strong></span> <span class='ocrx_word' id='word_1_61' title='bbox 1169 1499 1311 1582; x_wconf 85' lang='lat' dir='ltr'><strong>primum</strong></span> <span class='ocrx_word' id='word_1_62' title='bbox 1341 1502 1384 1564; x_wconf 88' lang='lat' dir='ltr'><strong>de</strong></span> <span class='ocrx_word' id='word_1_63' title='bbox 1409 1499 1521 1566; x_wconf 87' lang='lat' dir='ltr'><strong>Gallia</strong></span> 
     </span>
     <span class='ocr_line' id='line_1_10' title="bbox 365 1603 1522 1688; baseline 0.003 -21"><span class='ocrx_word' id='word_1_64' title='bbox 365 1603 567 1688; x_wconf 90' lang='lat' dir='ltr'><strong>triumphum</strong></span> <span class='ocrx_word' id='word_1_65' title='bbox 589 1603 718 1667; x_wconf 87' lang='lat' dir='ltr'><strong>trahens</strong></span> <span class='ocrx_word' id='word_1_66' title='bbox 729 1629 739 1679; x_wconf 90' lang='lat'>;</span> <span class='ocrx_word' id='word_1_67' title='bbox 763 1604 817 1667; x_wconf 86' lang='lat' dir='ltr'><strong>hio</strong></span> <span class='ocrx_word' id='word_1_68' title='bbox 838 1614 906 1667; x_wconf 90' lang='lat' dir='ltr'><strong>erat</strong></span> <span class='ocrx_word' id='word_1_69' title='bbox 928 1605 1065 1668; x_wconf 83' lang='lat' dir='ltr'><strong>Rhenus</strong></span> <span class='ocrx_word' id='word_1_70' title='bbox 1088 1615 1120 1667; x_wconf 91' lang='lat' dir='ltr'><strong>et</strong></span> <span class='ocrx_word' id='word_1_71' title='bbox 1143 1605 1324 1669; x_wconf 82' lang='lat' dir='ltr'><strong>Rhodanus</strong></span> <span class='ocrx_word' id='word_1_72' title='bbox 1339 1616 1372 1669; x_wconf 90' lang='lat' dir='ltr'><strong>et</strong></span> <span class='ocrx_word' id='word_1_73' title='bbox 1388 1627 1430 1669; x_wconf 85' lang='lat' dir='ltr'><strong>ex</strong></span> <span class='ocrx_word' id='word_1_74' title='bbox 1444 1628 1522 1671; x_wconf 90' lang='lat' dir='ltr'><strong>auro</strong></span> 
     </span>
     <span class='ocr_line' id='line_1_11' title="bbox 365 1710 1555 1793; baseline 0.003 -21"><span class='ocrx_word' id='word_1_75' title='bbox 365 1710 512 1792; x_wconf 88' lang='lat' dir='ltr'><strong>captiuus</strong></span> <span class='ocrx_word' id='word_1_76' title='bbox 528 1712 688 1773; x_wconf 80' lang='lat' dir='ltr'><strong>Oceanus.</strong></span> <span class='ocrx_word' id='word_1_77' title='bbox 713 1710 812 1772; x_wconf 88' lang='lat' dir='ltr'><strong>altera</strong></span> <span class='ocrx_word' id='word_1_78' title='bbox 833 1710 944 1772; x_wconf 86' lang='lat' dir='ltr'><strong>laurus</strong></span> <span class='ocrx_word' id='word_1_79' title='bbox 959 1710 1138 1793; x_wconf 80' lang='lat' dir='ltr'><strong>Aegyptia3</strong></span> <span class='ocrx_word' id='word_1_80' title='bbox 1163 1721 1242 1774; x_wconf 90' lang='lat' dir='ltr'><strong>tunc</strong></span> <span class='ocrx_word' id='word_1_81' title='bbox 1262 1712 1298 1776; x_wconf 91' lang='lat' dir='ltr'><strong>in</strong></span> <span class='ocrx_word' id='word_1_82' title='bbox 1313 1712 1444 1775; x_wconf 85' lang='lat' dir='ltr'><strong>ferculis</strong></span> <span class='ocrx_word' id='word_1_83' title='bbox 1460 1713 1518 1776; x_wconf 91' lang='lat' dir='ltr'><strong>Ni·</strong></span> <span class='ocrx_word' id='word_1_84' title='bbox 1538 1725 1555 1775; x_wconf 86' lang='lat'>1</span> 
     </span>
     <span class='ocr_line' id='line_1_12' title="bbox 364 1813 1519 1898; baseline 0.003 -21"><span class='ocrx_word' id='word_1_85' title='bbox 364 1816 415 1878; x_wconf 91' lang='lat' dir='ltr'><strong>lus</strong></span> <span class='ocrx_word' id='word_1_86' title='bbox 430 1815 567 1878; x_wconf 84' lang='lat' dir='ltr'><strong>Arsinoe</strong></span> <span class='ocrx_word' id='word_1_87' title='bbox 582 1824 615 1877; x_wconf 89' lang='lat' dir='ltr'><strong>et</strong></span> <span class='ocrx_word' id='word_1_88' title='bbox 630 1816 670 1876; x_wconf 92' lang='lat' dir='ltr'><strong>ad</strong></span> <span class='ocrx_word' id='word_1_89' title='bbox 685 1813 892 1877; x_wconf 83' lang='lat' dir='ltr'><strong>simulacrum</strong></span> <span class='ocrx_word' id='word_1_90' title='bbox 905 1814 1033 1898; x_wconf 83' lang='lat' dir='ltr'><strong>ignium</strong></span> <span class='ocrx_word' id='word_1_91' title='bbox 1048 1817 1162 1879; x_wconf 80' lang='lat' dir='ltr'><strong>ardens</strong></span> <span class='ocrx_word' id='word_1_92' title='bbox 1178 1817 1314 1880; x_wconf 86' lang='lat' dir='ltr'><strong>Pharos.</strong></span> <span class='ocrx_word' id='word_1_93' title='bbox 1339 1817 1457 1896; x_wconf 88' lang='lat' dir='ltr'><strong>tertius</strong></span> <span class='ocrx_word' id='word_1_94' title='bbox 1480 1819 1519 1881; x_wconf 89' lang='lat' dir='ltr'><strong>de</strong></span> 
     </span>
     <span class='ocr_line' id='line_1_13' title="bbox 366 1920 1520 2004; baseline 0 -21"><span class='ocrx_word' id='word_1_95' title='bbox 366 1920 532 1983; x_wconf 87' lang='lat' dir='ltr'><strong>Pharnace</strong></span> <span class='ocrx_word' id='word_1_96' title='bbox 547 1941 658 1983; x_wconf 88' lang='lat' dir='ltr'><strong>currus</strong></span> <span class='ocrx_word' id='word_1_97' title='bbox 679 1930 711 1984; x_wconf 91' lang='lat' dir='ltr'><strong>et</strong></span> <span class='ocrx_word' id='word_1_98' title='bbox 733 1921 850 1983; x_wconf 89' lang='lat' dir='ltr'><strong>Ponto.</strong></span> <span class='ocrx_word' id='word_1_99' title='bbox 875 1931 1009 2004; x_wconf 89' lang='lat' dir='ltr'><strong>quartus</strong></span> <span class='ocrx_word' id='word_1_100' title='bbox 1032 1921 1149 1983; x_wconf 89' lang='lat' dir='ltr'><strong>Iubam</strong></span> <span class='ocrx_word' id='word_1_101' title='bbox 1170 1933 1203 1985; x_wconf 86' lang='lat' dir='ltr'><strong>et</strong></span> <span class='ocrx_word' id='word_1_102' title='bbox 1224 1921 1467 1985; x_wconf 84' lang='lat' dir='ltr'><strong>Mauretaniam</strong></span> <span class='ocrx_word' id='word_1_103' title='bbox 1488 1932 1520 2003; x_wconf 79' lang='lat' dir='ltr'><strong>et</strong></span> 
     </span>
    </p>

    <p class='ocr_par' dir='ltr' id='par_1_4' title="bbox 244 2025 1555 2319">
     <span class='ocr_line' id='line_1_14' title="bbox 244 2025 1520 2110; baseline 0.002 -23"><span class='ocrx_word' id='word_1_104' title='bbox 244 2103 248 2110; x_wconf 28' lang='grc' dir='ltr'><strong><em>Ι</em></strong></span> <span class='ocrx_word' id='word_1_105' title='bbox 364 2026 414 2088; x_wconf 89' lang='lat' dir='ltr'><strong>bis</strong></span> <span class='ocrx_word' id='word_1_106' title='bbox 430 2026 597 2088; x_wconf 88' lang='lat' dir='ltr'><strong>subactam</strong></span> <span class='ocrx_word' id='word_1_107' title='bbox 618 2026 807 2089; x_wconf 87' lang='lat' dir='ltr'><strong>ostendebat</strong></span> <span class='ocrx_word' id='word_1_108' title='bbox 828 2025 1035 2110; x_wconf 86' lang='lat' dir='ltr'><strong>Hispaniam.</strong></span> <span class='ocrx_word' id='word_1_109' title='bbox 1072 2026 1240 2091; x_wconf 89' lang='lat' dir='ltr'><strong>Pharsalia</strong></span> <span class='ocrx_word' id='word_1_110' title='bbox 1254 2037 1295 2090; x_wconf 70' lang='lat' dir='ltr'><strong>&#39;et</strong></span> <span class='ocrx_word' id='word_1_111' title='bbox 1315 2026 1465 2109; x_wconf 84' lang='lat' dir='ltr'><strong>Thapsos</strong></span> <span class='ocrx_word' id='word_1_112' title='bbox 1488 2035 1520 2089; x_wconf 90' lang='lat' dir='ltr'><strong>et</strong></span> 
     </span>
     <span class='ocr_line' id='line_1_15' title="bbox 365 2131 1518 2214; baseline 0.001 -21"><span class='ocrx_word' id='word_1_113' title='bbox 365 2132 490 2193; x_wconf 87' lang='lat' dir='ltr'><strong>Munda</strong></span> <span class='ocrx_word' id='word_1_114' title='bbox 518 2151 679 2213; x_wconf 89' lang='lat' dir='ltr'><strong>nusquam</strong></span> <span class='ocrx_word' id='word_1_115' title='bbox 686 2155 695 2206; x_wconf 93' lang='lat'>;</span> <span class='ocrx_word' id='word_1_116' title='bbox 731 2142 764 2194; x_wconf 92' lang='lat' dir='ltr'><strong>et</strong></span> <span class='ocrx_word' id='word_1_117' title='bbox 793 2141 913 2213; x_wconf 88' lang='lat' dir='ltr'><strong>quanto</strong></span> <span class='ocrx_word' id='word_1_118' title='bbox 940 2131 1062 2194; x_wconf 90' lang='lat' dir='ltr'><strong>maiora</strong></span> <span class='ocrx_word' id='word_1_119' title='bbox 1090 2142 1200 2209; x_wconf 90' lang='lat' dir='ltr'><strong>erant,</strong></span> <span class='ocrx_word' id='word_1_120' title='bbox 1238 2133 1278 2196; x_wconf 89' lang='lat' dir='ltr'><strong>de</strong></span> <span class='ocrx_word' id='word_1_121' title='bbox 1308 2132 1427 2214; x_wconf 84' lang='lat' dir='ltr'><strong>quibus</strong></span> <span class='ocrx_word' id='word_1_122' title='bbox 1451 2153 1518 2196; x_wconf 91' lang='lat' dir='ltr'><strong>non</strong></span> 
     </span>
     <span class='ocr_line' id='line_1_16' title="bbox 365 2236 1555 2319; baseline -0.001 -21"><span class='ocrx_word' id='word_1_123' title='bbox 365 2236 602 2319; x_wconf 89' lang='lat' dir='ltr'><strong>triumphabat!</strong></span> <span class='ocrx_word' id='word_1_124' title='bbox 1544 2248 1555 2297; x_wconf 86' lang='lat'>1</span> 
     </span>
    </p>

    <p class='ocr_par' dir='ltr' id='par_1_5' title="bbox 363 2341 1555 3167">
     <span class='ocr_line' id='line_1_17' title="bbox 448 2341 1519 2427; baseline -0.001 -20"><span class='ocrx_word' id='word_1_125' title='bbox 448 2342 515 2407; x_wconf 91' lang='lat' dir='ltr'><strong>Hic</strong></span> <span class='ocrx_word' id='word_1_126' title='bbox 531 2341 703 2424; x_wconf 91' lang='lat' dir='ltr'><strong>aliquando</strong></span> <span class='ocrx_word' id='word_1_127' title='bbox 717 2343 791 2406; x_wconf 90' lang='lat' dir='ltr'><strong>finis</strong></span> <span class='ocrx_word' id='word_1_128' title='bbox 807 2343 902 2407; x_wconf 93' lang='lat' dir='ltr'><strong>armis</strong></span> <span class='ocrx_word' id='word_1_129' title='bbox 922 2343 1002 2418; x_wconf 84' lang='lat' dir='ltr'><strong>fuit3</strong></span> <span class='ocrx_word' id='word_1_130' title='bbox 1028 2343 1159 2426; x_wconf 86' lang='lat' dir='ltr'><strong>reliqua¹</strong></span> <span class='ocrx_word' id='word_1_131' title='bbox 1172 2363 1237 2427; x_wconf 92' lang='lat' dir='ltr'><strong>pax</strong></span> <span class='ocrx_word' id='word_1_132' title='bbox 1257 2344 1429 2407; x_wconf 84' lang='lat' dir='ltr'><strong>incruenta</strong></span> <span class='ocrx_word' id='word_1_133' title='bbox 1442 2364 1519 2426; x_wconf 92' lang='lat' dir='ltr'><strong>pen·</strong></span> 
     </span>
     <span class='ocr_line' id='line_1_18' title="bbox 364 2447 1517 2534; baseline 0.001 -24"><span class='ocrx_word' id='word_1_134' title='bbox 364 2458 532 2529; x_wconf 89' lang='lat' dir='ltr'><strong>satumque</strong></span> <span class='ocrx_word' id='word_1_135' title='bbox 547 2447 719 2510; x_wconf 89' lang='lat' dir='ltr'><strong>clementia</strong></span> <span class='ocrx_word' id='word_1_136' title='bbox 732 2449 867 2511; x_wconf 92' lang='lat' dir='ltr'><strong>bellum.</strong></span> <span class='ocrx_word' id='word_1_137' title='bbox 891 2470 987 2511; x_wconf 91' lang='lat' dir='ltr'><strong>nemo</strong></span> <span class='ocrx_word' id='word_1_138' title='bbox 1002 2469 1113 2512; x_wconf 89' lang='lat' dir='ltr'><strong>caesus</strong></span> <span class='ocrx_word' id='word_1_139' title='bbox 1128 2449 1262 2534; x_wconf 90' lang='lat' dir='ltr'><strong>imperio</strong></span> <span class='ocrx_word' id='word_1_140' title='bbox 1284 2458 1412 2532; x_wconf 90' lang='lat' dir='ltr'><strong>praeter</strong></span> <span class='ocrx_word' id='word_1_141' title='bbox 1425 2448 1517 2511; x_wconf 84' lang='lat' dir='ltr'><strong>Aira-</strong></span> 
     </span>
     <span class='ocr_line' id='line_1_19' title="bbox 363 2552 1516 2637; baseline 0.001 -22"><span class='ocrx_word' id='word_1_142' title='bbox 363 2552 456 2624; x_wconf 71' lang='lat' dir='ltr'><strong>¹nium</strong></span> <span class='ocrx_word' id='word_1_143' title='bbox 472 2552 570 2635; x_wconf 87' lang='lat' dir='ltr'><strong>(satis</strong></span> <span class='ocrx_word' id='word_1_144' title='bbox 585 2552 755 2635; x_wconf 89' lang='lat' dir='ltr'><strong>ignouerat</strong></span> <span class='ocrx_word' id='word_1_145' title='bbox 770 2553 890 2635; x_wconf 88' lang='lat' dir='ltr'><strong>semel)</strong></span> <span class='ocrx_word' id='word_1_146' title='bbox 905 2564 939 2616; x_wconf 91' lang='lat' dir='ltr'><strong>et</strong></span> <span class='ocrx_word' id='word_1_147' title='bbox 952 2555 1109 2617; x_wconf 88' lang='lat' dir='ltr'><strong>Faustum</strong></span> <span class='ocrx_word' id='word_1_148' title='bbox 1125 2555 1250 2618; x_wconf 87' lang='lat' dir='ltr'><strong>Sullam</strong></span> <span class='ocrx_word' id='word_1_149' title='bbox 1275 2555 1451 2636; x_wconf 87' lang='lat' dir='ltr'><strong>(docuerat</strong></span> <span class='ocrx_word' id='word_1_150' title='bbox 1465 2575 1516 2637; x_wconf 89' lang='lat' dir='ltr'><strong>ge·</strong></span> 
     </span>
     <span class='ocr_line' id='line_1_20' title="bbox 363 2658 1517 2743; baseline 0.002 -22"><span class='ocrx_word' id='word_1_151' title='bbox 363 2681 457 2723; x_wconf 85' lang='lat' dir='ltr'><strong>neres</strong></span> <span class='ocrx_word' id='word_1_152' title='bbox 473 2659 584 2723; x_wconf 92' lang='lat' dir='ltr'><strong>timere</strong></span> <span class='ocrx_word' id='word_1_153' title='bbox 599 2658 793 2742; x_wconf 92' lang='lat' dir='ltr'><strong>Pompeius)</strong></span> <span class='ocrx_word' id='word_1_154' title='bbox 808 2658 973 2741; x_wconf 88' lang='lat' dir='ltr'><strong>filiamque</strong></span> <span class='ocrx_word' id='word_1_155' title='bbox 988 2659 1123 2743; x_wconf 91' lang='lat' dir='ltr'><strong>Pompei</strong></span> <span class='ocrx_word' id='word_1_156' title='bbox 1137 2670 1169 2723; x_wconf 90' lang='lat' dir='ltr'><strong>et</strong></span> <span class='ocrx_word' id='word_1_157' title='bbox 1183 2660 1339 2743; x_wconf 86' lang='lat' dir='ltr'><strong>paruulos</strong></span> <span class='ocrx_word' id='word_1_158' title='bbox 1355 2679 1404 2721; x_wconf 87' lang='lat' dir='ltr'><strong>ex</strong></span> <span class='ocrx_word' id='word_1_159' title='bbox 1426 2659 1517 2723; x_wconf 77' lang='lat' dir='ltr'><strong>Sulla</strong></span> 
     </span>
     <span class='ocr_line' id='line_1_21' title="bbox 365 2763 1555 2848; baseline -0.003 -21"><span class='ocrx_word' id='word_1_160' title='bbox 365 2765 432 2847; x_wconf 83' lang='lat' dir='ltr'><strong>(hio</strong></span> <span class='ocrx_word' id='word_1_161' title='bbox 457 2763 591 2848; x_wconf 88' lang='lat' dir='ltr'><strong>posteris</strong></span> <span class='ocrx_word' id='word_1_162' title='bbox 607 2765 805 2846; x_wconf 82' lang='lat' dir='ltr'><strong>canebatur).</strong></span> <span class='ocrx_word' id='word_1_163' title='bbox 842 2765 952 2847; x_wconf 88' lang='lat' dir='ltr'><strong>itaque</strong></span> <span class='ocrx_word' id='word_1_164' title='bbox 978 2786 1045 2828; x_wconf 89' lang='lat' dir='ltr'><strong>non</strong></span> <span class='ocrx_word' id='word_1_165' title='bbox 1065 2764 1199 2848; x_wconf 89' lang='lat' dir='ltr'><strong>ingratis</strong></span> <span class='ocrx_word' id='word_1_166' title='bbox 1215 2763 1342 2827; x_wconf 87' lang='lat' dir='ltr'><strong>ciurbus</strong></span> <span class='ocrx_word' id='word_1_167' title='bbox 1357 2785 1469 2828; x_wconf 87' lang='lat' dir='ltr'><strong>omnes</strong></span> <span class='ocrx_word' id='word_1_168' title='bbox 1483 2763 1516 2826; x_wconf 89' lang='lat' dir='ltr'><strong>in</strong></span> <span class='ocrx_word' id='word_1_169' title='bbox 1530 2772 1555 2823; x_wconf 80' lang='lat' dir='ltr'><strong>rt</strong></span> 
     </span>
     <span class='ocr_line' id='line_1_22' title="bbox 363 2867 1515 2960; baseline 0.002 -29"><span class='ocrx_word' id='word_1_170' title='bbox 363 2870 542 2960; x_wconf 88' lang='lat' dir='ltr'><strong>principem</strong></span> <span class='ocrx_word' id='word_1_171' title='bbox 557 2868 700 2959; x_wconf 88' lang='lat' dir='ltr'><strong>congesti</strong></span> <span class='ocrx_word' id='word_1_172' title='bbox 715 2868 870 2946; x_wconf 86' lang='lat' dir='ltr'><strong>honores,</strong></span> <span class='ocrx_word' id='word_1_173' title='bbox 898 2870 983 2933; x_wconf 88' lang='lat' dir='ltr'><strong>circa</strong></span> <span class='ocrx_word' id='word_1_174' title='bbox 998 2871 1118 2954; x_wconf 92' lang='lat' dir='ltr'><strong>templa</strong></span> <span class='ocrx_word' id='word_1_175' title='bbox 1132 2869 1309 2953; x_wconf 84' lang='lat' dir='ltr'><strong>imagines,</strong></span> <span class='ocrx_word' id='word_1_176' title='bbox 1325 2867 1370 2931; x_wconf 86' lang='lat' dir='ltr'><strong>in</strong></span> <span class='ocrx_word' id='word_1_177' title='bbox 1392 2870 1515 2933; x_wconf 88' lang='lat' dir='ltr'><strong>theatro</strong></span> 
     </span>
     <span class='ocr_line' id='line_1_23' title="bbox 365 2972 1512 3057; baseline 0.002 -20"><span class='ocrx_word' id='word_1_178' title='bbox 365 2974 517 3037; x_wconf 89' lang='lat' dir='ltr'><strong>distincta</strong></span> <span class='ocrx_word' id='word_1_179' title='bbox 530 2972 629 3035; x_wconf 89' lang='lat' dir='ltr'><strong>radiis</strong></span> <span class='ocrx_word' id='word_1_180' title='bbox 643 2994 778 3048; x_wconf 86' lang='lat' dir='ltr'><strong>corona,</strong></span> <span class='ocrx_word' id='word_1_181' title='bbox 801 2986 971 3057; x_wconf 88' lang='lat' dir='ltr'><strong>suggestus</strong></span> <span class='ocrx_word' id='word_1_182' title='bbox 993 2976 1030 3037; x_wconf 92' lang='lat' dir='ltr'><strong>in</strong></span> <span class='ocrx_word' id='word_1_183' title='bbox 1044 2976 1151 3051; x_wconf 89' lang='lat' dir='ltr'><strong>curia,</strong></span> <span class='ocrx_word' id='word_1_184' title='bbox 1174 2972 1342 3056; x_wconf 81' lang='lat' dir='ltr'><strong>fastigium</strong></span> <span class='ocrx_word' id='word_1_185' title='bbox 1356 2972 1394 3037; x_wconf 90' lang='lat' dir='ltr'><strong>in</strong></span> <span class='ocrx_word' id='word_1_186' title='bbox 1408 2976 1512 3051; x_wconf 87' lang='lat' dir='ltr'><strong>domo,</strong></span> 
     </span>
     <span class='ocr_line' id='line_1_24' title="bbox 363 3077 1512 3167; baseline 0.003 -27"><span class='ocrx_word' id='word_1_187' title='bbox 363 3078 483 3141; x_wconf 91' lang='lat' dir='ltr'><strong>mensis</strong></span> <span class='ocrx_word' id='word_1_188' title='bbox 499 3077 648 3155; x_wconf 88' lang='lat' dir='ltr'><strong>incaelo,</strong></span> <span class='ocrx_word' id='word_1_189' title='bbox 667 3080 707 3141; x_wconf 93' lang='lat' dir='ltr'><strong>ad</strong></span> <span class='ocrx_word' id='word_1_190' title='bbox 721 3079 783 3142; x_wconf 88' lang='lat' dir='ltr'><strong>hoc</strong></span> <span class='ocrx_word' id='word_1_191' title='bbox 797 3090 888 3167; x_wconf 87' lang='lat' dir='ltr'><strong>pater</strong></span> <span class='ocrx_word' id='word_1_192' title='bbox 903 3080 972 3164; x_wconf 91' lang='lat' dir='ltr'><strong>ipse</strong></span> <span class='ocrx_word' id='word_1_193' title='bbox 983 3080 1105 3164; x_wconf 88' lang='lat' dir='ltr'><strong>patriae</strong></span> <span class='ocrx_word' id='word_1_194' title='bbox 1115 3089 1354 3163; x_wconf 89' lang='lat' dir='ltr'><strong>perpetuusque</strong></span> <span class='ocrx_word' id='word_1_195' title='bbox 1367 3079 1512 3156; x_wconf 87' lang='lat' dir='ltr'><strong>dictator,</strong></span> 
     </span>
    </p>

    <p class='ocr_par' dir='ltr' id='par_1_6' title="bbox 342 3171 1550 3809">
     <span class='ocr_line' id='line_1_25' title="bbox 342 3171 1513 3269; baseline 0.001 -24"><span class='ocrx_word' id='word_1_196' title='bbox 342 3222 343 3225; x_wconf 60' lang='lat'><em>=</em></span> <span class='ocrx_word' id='word_1_197' title='bbox 364 3183 557 3259; x_wconf 89' lang='lat' dir='ltr'><strong>nouissime,</strong></span> <span class='ocrx_word' id='word_1_198' title='bbox 580 3184 716 3262; x_wconf 91' lang='lat' dir='ltr'><strong>dubium</strong></span> <span class='ocrx_word' id='word_1_199' title='bbox 731 3207 774 3247; x_wconf 90' lang='lat' dir='ltr'><strong>an</strong></span> <span class='ocrx_word' id='word_1_200' title='bbox 787 3171 858 3268; x_wconf 91' lang='lat' dir='ltr'><strong>ipso</strong></span> <span class='ocrx_word' id='word_1_201' title='bbox 872 3186 1022 3261; x_wconf 89' lang='lat' dir='ltr'><strong>uolente,</strong></span> <span class='ocrx_word' id='word_1_202' title='bbox 1039 3186 1147 3248; x_wconf 89' lang='lat' dir='ltr'><strong>oblata</strong></span> <span class='ocrx_word' id='word_1_203' title='bbox 1160 3205 1218 3269; x_wconf 91' lang='lat' dir='ltr'><strong>pro</strong></span> <span class='ocrx_word' id='word_1_204' title='bbox 1231 3184 1402 3260; x_wconf 64' lang='lat' dir='ltr'><strong>rostrisab</strong></span> <span class='ocrx_word' id='word_1_205' title='bbox 1416 3186 1513 3247; x_wconf 80' lang='lat' dir='ltr'><strong>Anto·</strong></span> 
     </span>
     <span class='ocr_line' id='line_1_26' title="bbox 364 3287 1550 3381; baseline 0.001 -31"><span class='ocrx_word' id='word_1_206' title='bbox 364 3288 419 3351; x_wconf 90' lang='lat' dir='ltr'><strong>nio</strong></span> <span class='ocrx_word' id='word_1_207' title='bbox 435 3289 565 3351; x_wconf 88' lang='lat' dir='ltr'><strong>consule</strong></span> <span class='ocrx_word' id='word_1_208' title='bbox 581 3288 671 3372; x_wconf 88' lang='lat' dir='ltr'><strong>regni</strong></span> <span class='ocrx_word' id='word_1_209' title='bbox 686 3290 838 3381; x_wconf 87' lang='lat' dir='ltr'><strong>insignia.</strong></span> <span class='ocrx_word' id='word_1_210' title='bbox 862 3308 944 3373; x_wconf 86' lang='lat' dir='ltr'><strong>quae</strong></span> <span class='ocrx_word' id='word_1_211' title='bbox 960 3290 1071 3354; x_wconf 80' lang='lat' dir='ltr'><strong>omnia·</strong></span> <span class='ocrx_word' id='word_1_212' title='bbox 1082 3290 1174 3353; x_wconf 91' lang='lat' dir='ltr'><strong>uelut</strong></span> <span class='ocrx_word' id='word_1_213' title='bbox 1188 3290 1312 3353; x_wconf 80' lang='lat' dir='ltr'><strong>infirlae</strong></span> <span class='ocrx_word' id='word_1_214' title='bbox 1326 3289 1369 3351; x_wconf 93' lang='lat' dir='ltr'><strong>in·</strong></span> <span class='ocrx_word' id='word_1_215' title='bbox 1378 3287 1550 3352; x_wconf 82' lang='lat' dir='ltr'><strong>destina-2⁵</strong></span> 
     </span>
     <span class='ocr_line' id='line_1_27' title="bbox 364 3393 1514 3479; baseline 0.001 -22"><span class='ocrx_word' id='word_1_216' title='bbox 364 3407 431 3457; x_wconf 87' lang='lat' dir='ltr'><strong>tam</strong></span> <span class='ocrx_word' id='word_1_217' title='bbox 445 3394 542 3457; x_wconf 87' lang='lat' dir='ltr'><strong>morti</strong></span> <span class='ocrx_word' id='word_1_218' title='bbox 555 3394 723 3459; x_wconf 89' lang='lat' dir='ltr'><strong>uictimam</strong></span> <span class='ocrx_word' id='word_1_219' title='bbox 744 3396 1007 3478; x_wconf 82' lang='lat' dir='ltr'><strong>congerebantur.</strong></span> <span class='ocrx_word' id='word_1_220' title='bbox 1021 3395 1151 3478; x_wconf 82' lang='lat' dir='ltr'><strong>&#39;quippe</strong></span> <span class='ocrx_word' id='word_1_221' title='bbox 1172 3394 1380 3458; x_wconf 86' lang='lat' dir='ltr'><strong>clementiam</strong></span> <span class='ocrx_word' id='word_1_222' title='bbox 1401 3393 1514 3479; x_wconf 78' lang='lat' dir='ltr'><strong>priuci-</strong></span> 
     </span>
     <span class='ocr_line' id='line_1_28' title="bbox 362 3499 1512 3585; baseline 0.002 -24"><span class='ocrx_word' id='word_1_223' title='bbox 362 3499 413 3584; x_wconf 87' lang='lat' dir='ltr'><strong>pis</strong></span> <span class='ocrx_word' id='word_1_224' title='bbox 429 3499 508 3563; x_wconf 83' lang='lat' dir='ltr'><strong>uicit</strong></span> <span class='ocrx_word' id='word_1_225' title='bbox 523 3499 667 3576; x_wconf 88' lang='lat' dir='ltr'><strong>inuidia,</strong></span> <span class='ocrx_word' id='word_1_226' title='bbox 683 3500 855 3585; x_wconf 80' lang='lat' dir='ltr'><strong>granisque</strong></span> <span class='ocrx_word' id='word_1_227' title='bbox 870 3512 937 3565; x_wconf 83' lang='lat' dir='ltr'><strong>crat</strong></span> <span class='ocrx_word' id='word_1_228' title='bbox 951 3501 1060 3565; x_wconf 85' lang='lat' dir='ltr'><strong>liberis</strong></span> <span class='ocrx_word' id='word_1_229' title='bbox 1074 3499 1146 3583; x_wconf 89' lang='lat' dir='ltr'><strong>ipsa</strong></span> <span class='ocrx_word' id='word_1_230' title='bbox 1159 3500 1391 3563; x_wconf 88' lang='lat' dir='ltr'><strong>beneficiorum</strong></span> <span class='ocrx_word' id='word_1_231' title='bbox 1405 3509 1512 3583; x_wconf 88' lang='lat' dir='ltr'><strong>poten·</strong></span> 
     </span>
     <span class='ocr_line' id='line_1_29' title="bbox 364 3597 1514 3683; baseline 0 -16"><span class='ocrx_word' id='word_1_232' title='bbox 364 3597 420 3667; x_wconf 87' lang='lat' dir='ltr'><strong>tia.</strong></span> <span class='ocrx_word' id='word_1_233' title='bbox 445 3627 504 3668; x_wconf 90' lang='lat' dir='ltr'><strong>nec</strong></span> <span class='ocrx_word' id='word_1_234' title='bbox 519 3605 642 3669; x_wconf 89' lang='lat' dir='ltr'><strong>diutius</strong></span> <span class='ocrx_word' id='word_1_235' title='bbox 657 3606 757 3670; x_wconf 84' lang='lat' dir='ltr'><strong>dilata</strong></span> <span class='ocrx_word' id='word_1_236' title='bbox 771 3604 950 3669; x_wconf 89' lang='lat' dir='ltr'><strong>coniuratio</strong></span> <span class='ocrx_word' id='word_1_237' title='bbox 964 3616 1024 3683; x_wconf 89' lang='lat' dir='ltr'><strong>est,</strong></span> <span class='ocrx_word' id='word_1_238' title='bbox 1042 3608 1098 3669; x_wconf 87' lang='lat' dir='ltr'><strong>sed</strong></span> <span class='ocrx_word' id='word_1_239' title='bbox 1111 3608 1234 3675; x_wconf 86' lang='lat' dir='ltr'><strong>Brutus</strong></span> <span class='ocrx_word' id='word_1_240' title='bbox 1249 3615 1282 3668; x_wconf 92' lang='lat' dir='ltr'><strong>et</strong></span> <span class='ocrx_word' id='word_1_241' title='bbox 1296 3605 1431 3669; x_wconf 81' lang='lat' dir='ltr'><strong>Cassius</strong></span> <span class='ocrx_word' id='word_1_242' title='bbox 1451 3603 1514 3667; x_wconf 89' lang='lat' dir='ltr'><strong>alii·</strong></span> 
     </span>
     <span class='ocr_line' id='line_1_30' title="bbox 365 3708 1510 3809; baseline 0.001 -39"><span class='ocrx_word' id='word_1_243' title='bbox 365 3731 426 3809; x_wconf 69' lang='lat' dir='ltr'><strong>que</strong></span> <span class='ocrx_word' id='word_1_244' title='bbox 447 3721 553 3793; x_wconf 89' lang='lat' dir='ltr'><strong>patres</strong></span> <span class='ocrx_word' id='word_1_245' title='bbox 580 3734 766 3776; x_wconf 88' lang='lat' dir='ltr'><strong>consensere</strong></span> <span class='ocrx_word' id='word_1_246' title='bbox 792 3710 828 3774; x_wconf 91' lang='lat' dir='ltr'><strong>in</strong></span> <span class='ocrx_word' id='word_1_247' title='bbox 854 3713 983 3788; x_wconf 86' lang='lat' dir='ltr'><strong>caedem</strong></span> <span class='ocrx_word' id='word_1_248' title='bbox 1008 3710 1174 3809; x_wconf 78' lang='lat' dir='ltr'><strong>principis,</strong></span> <span class='ocrx_word' id='word_1_249' title='bbox 1211 3720 1334 3805; x_wconf 76' lang='lat' dir='ltr'><strong>quanta</strong></span> <span class='ocrx_word' id='word_1_250' title='bbox 1358 3711 1412 3777; x_wconf 90' lang='lat' dir='ltr'><strong>uis</strong></span> <span class='ocrx_word' id='word_1_251' title='bbox 1434 3708 1510 3774; x_wconf 82' lang='lat' dir='ltr'><strong>fati!</strong></span> 
     </span>
    </p>
   </div>
   <div class='ocr_carea' id='block_1_3' title="bbox 341 3976 1513 4731">
    <p class='ocr_par' dir='ltr' id='par_1_7' title="bbox 365 3976 1513 4139">
     <span class='ocr_line' id='line_1_31' title="bbox 368 3976 1512 4055; baseline -0.001 -22"><span class='ocrx_word' id='word_1_252' title='bbox 368 3984 379 4032; x_wconf 98' lang='grc'><strong>1</strong></span> <span class='ocrx_word' id='word_1_253' title='bbox 394 3981 493 4034; x_wconf 89' lang='lat' dir='ltr'><strong>lanceis</strong></span> <span class='ocrx_word' id='word_1_254' title='bbox 505 3982 602 4051; x_wconf 58' lang='lat' dir='ltr'><strong>ambri</strong></span> <span class='ocrx_word' id='word_1_255' title='bbox 608 4004 617 4033; x_wconf 92' lang='grc'><strong>.·</strong></span> <span class='ocrx_word' id='word_1_256' title='bbox 634 3984 761 4055; x_wconf 86' lang='lat' dir='ltr'><strong>plaustris</strong></span> <span class='ocrx_word' id='word_1_257' title='bbox 772 3996 800 4050; x_wconf 79' lang='lat' dir='ltr'><strong>N,</strong></span> <span class='ocrx_word' id='word_1_258' title='bbox 819 3984 880 4053; x_wconf 89' lang='lat' dir='ltr'><strong>pilis</strong></span> <span class='ocrx_word' id='word_1_259' title='bbox 897 3995 923 4036; x_wconf 95' lang='lat' dir='ltr'><em>N</em></span> <span class='ocrx_word' id='word_1_260' title='bbox 933 3983 942 4053; x_wconf 93' lang='grc'><strong>11</strong></span> <span class='ocrx_word' id='word_1_261' title='bbox 955 3981 1103 4051; x_wconf 88' lang='lat' dir='ltr'><strong>iaculisque</strong></span> <span class='ocrx_word' id='word_1_262' title='bbox 1114 3993 1138 4034; x_wconf 92' lang='lat' dir='ltr'><em>N</em></span> <span class='ocrx_word' id='word_1_263' title='bbox 1149 3980 1186 4051; x_wconf 85' lang='grc'><strong>13</strong></span> <span class='ocrx_word' id='word_1_264' title='bbox 1207 3996 1302 4033; x_wconf 85' lang='lat' dir='ltr'><strong>cruore</strong></span> <span class='ocrx_word' id='word_1_265' title='bbox 1313 3991 1333 4033; x_wconf 76' lang='grc' dir='ltr'><em>Ν</em></span> <span class='ocrx_word' id='word_1_266' title='bbox 1344 3978 1355 4049; x_wconf 90' lang='grc'><strong>1</strong></span> <span class='ocrx_word' id='word_1_267' title='bbox 1368 3980 1462 4040; x_wconf 84' lang='lat' dir='ltr'><strong>saucio</strong></span> <span class='ocrx_word' id='word_1_268' title='bbox 1472 3976 1512 4047; x_wconf 84' lang='grc' dir='ltr'>Ν1</span> 
     </span>
     <span class='ocr_line' id='line_1_32' title="bbox 365 4063 1513 4139; baseline -0.003 -20"><span class='ocrx_word' id='word_1_269' title='bbox 365 4071 381 4119; x_wconf 82' lang='grc'>4</span> <span class='ocrx_word' id='word_1_270' title='bbox 394 4066 486 4120; x_wconf 90' lang='lat' dir='ltr'><strong>auium</strong></span> <span class='ocrx_word' id='word_1_271' title='bbox 497 4079 517 4119; x_wconf 81' lang='lat' dir='ltr'><em>B</em></span> <span class='ocrx_word' id='word_1_272' title='bbox 528 4066 539 4137; x_wconf 93' lang='grc'><strong>11</strong></span> <span class='ocrx_word' id='word_1_273' title='bbox 558 4073 660 4121; x_wconf 91' lang='lat' dir='ltr'><strong>tentem</strong></span> <span class='ocrx_word' id='word_1_274' title='bbox 681 4069 712 4133; x_wconf 82' lang='lat' dir='ltr'><strong>b,</strong></span> <span class='ocrx_word' id='word_1_275' title='bbox 732 4073 867 4139; x_wconf 88' lang='lat' dir='ltr'><strong>petentem</strong></span> <span class='ocrx_word' id='word_1_276' title='bbox 886 4079 912 4120; x_wconf 91' lang='lat' dir='ltr'><em>N</em></span> <span class='ocrx_word' id='word_1_277' title='bbox 921 4067 930 4137; x_wconf 91' lang='grc'><strong>11</strong></span> <span class='ocrx_word' id='word_1_278' title='bbox 945 4071 960 4119; x_wconf 84' lang='grc'><strong>5</strong></span> <span class='ocrx_word' id='word_1_279' title='bbox 980 4066 1106 4119; x_wconf 85' lang='lat' dir='ltr'><strong>interficit</strong></span> <span class='ocrx_word' id='word_1_280' title='bbox 1121 4077 1147 4119; x_wconf 94' lang='lat' dir='ltr'><em>N</em></span> <span class='ocrx_word' id='word_1_281' title='bbox 1156 4066 1195 4137; x_wconf 88' lang='grc'><strong>116</strong></span> <span class='ocrx_word' id='word_1_282' title='bbox 1213 4072 1322 4118; x_wconf 85' lang='lat' dir='ltr'><strong>sextum</strong></span> <span class='ocrx_word' id='word_1_283' title='bbox 1340 4064 1371 4117; x_wconf 89' lang='lat' dir='ltr'><strong>in</strong></span> <span class='ocrx_word' id='word_1_284' title='bbox 1391 4064 1455 4118; x_wconf 87' lang='lat' dir='ltr'><strong>celti</strong></span> <span class='ocrx_word' id='word_1_285' title='bbox 1465 4063 1513 4116; x_wconf 86' lang='lat' dir='ltr'><strong>ior·</strong></span> 
     </span>
    </p>

    <p class='ocr_par' dir='ltr' id='par_1_8' title="bbox 341 4144 1513 4731">
     <span class='ocr_line' id='line_1_33' title="bbox 341 4144 1512 4224; baseline -0.006 -17"><span class='ocrx_word' id='word_1_286' title='bbox 341 4219 344 4224; x_wconf 16' lang='lat' dir='ltr'><strong>g</strong></span> <span class='ocrx_word' id='word_1_287' title='bbox 364 4158 431 4208; x_wconf 88' lang='lat' dir='ltr'><strong>tuna</strong></span> <span class='ocrx_word' id='word_1_288' title='bbox 443 4152 472 4206; x_wconf 91' lang='lat' dir='ltr'><strong>in</strong></span> <span class='ocrx_word' id='word_1_289' title='bbox 485 4151 649 4206; x_wconf 88' lang='lat' dir='ltr'><strong>celtiberiam</strong></span> <span class='ocrx_word' id='word_1_290' title='bbox 660 4166 686 4205; x_wconf 98' lang='lat' dir='ltr'><em>N</em></span> <span class='ocrx_word' id='word_1_291' title='bbox 696 4153 704 4223; x_wconf 92' lang='grc'><strong>11</strong></span> <span class='ocrx_word' id='word_1_292' title='bbox 718 4159 732 4206; x_wconf 80' lang='lat'>7</span> <span class='ocrx_word' id='word_1_293' title='bbox 745 4153 896 4215; x_wconf 84' lang='lat' dir='ltr'><strong>reseruauit</strong></span> <span class='ocrx_word' id='word_1_294' title='bbox 906 4165 932 4204; x_wconf 90' lang='grc' dir='ltr'><em>Ν</em></span> <span class='ocrx_word' id='word_1_295' title='bbox 942 4152 950 4221; x_wconf 91' lang='grc'><strong>11</strong></span> <span class='ocrx_word' id='word_1_296' title='bbox 964 4154 980 4203; x_wconf 83' lang='grc'>9</span> <span class='ocrx_word' id='word_1_297' title='bbox 992 4151 1159 4222; x_wconf 83' lang='lat' dir='ltr'><strong>triumphum</strong></span> <span class='ocrx_word' id='word_1_298' title='bbox 1170 4148 1357 4203; x_wconf 84' lang='lat' dir='ltr'><strong>transmiserat</strong></span> <span class='ocrx_word' id='word_1_299' title='bbox 1364 4144 1512 4214; x_wconf 67' lang='lat' dir='ltr'><strong>rhenule</strong></span> 
     </span>
     <span class='ocr_line' id='line_1_34' title="bbox 367 4233 1513 4311; baseline -0.006 -19"><span class='ocrx_word' id='word_1_300' title='bbox 367 4240 395 4292; x_wconf 88' lang='lat'><strong>11</strong></span> <span class='ocrx_word' id='word_1_301' title='bbox 411 4238 510 4307; x_wconf 90' lang='lat' dir='ltr'><strong>pharus</strong></span> <span class='ocrx_word' id='word_1_302' title='bbox 521 4238 566 4310; x_wconf 88' lang='grc' dir='ltr'>Ν1</span> <span class='ocrx_word' id='word_1_303' title='bbox 581 4238 611 4289; x_wconf 82' lang='lat'><strong>12</strong></span> <span class='ocrx_word' id='word_1_304' title='bbox 624 4236 730 4289; x_wconf 82' lang='lat' dir='ltr'><strong>samace</strong></span> <span class='ocrx_word' id='word_1_305' title='bbox 742 4250 767 4290; x_wconf 92' lang='grc' dir='ltr'><em>Ν</em></span> <span class='ocrx_word' id='word_1_306' title='bbox 777 4237 786 4307; x_wconf 93' lang='grc'><strong>11</strong></span> <span class='ocrx_word' id='word_1_307' title='bbox 800 4253 893 4290; x_wconf 87' lang='lat' dir='ltr'><strong>cursus</strong></span> <span class='ocrx_word' id='word_1_308' title='bbox 905 4235 950 4305; x_wconf 91' lang='grc' dir='ltr'>Ν1</span> <span class='ocrx_word' id='word_1_309' title='bbox 963 4252 1070 4289; x_wconf 89' lang='lat' dir='ltr'><strong>mauros</strong></span> <span class='ocrx_word' id='word_1_310' title='bbox 1082 4246 1107 4288; x_wconf 91' lang='lat' dir='ltr'><em>N</em></span> <span class='ocrx_word' id='word_1_311' title='bbox 1117 4233 1126 4305; x_wconf 93' lang='grc'><strong>11</strong></span> <span class='ocrx_word' id='word_1_312' title='bbox 1141 4237 1172 4287; x_wconf 83' lang='grc'><strong>13</strong></span> <span class='ocrx_word' id='word_1_313' title='bbox 1185 4233 1368 4287; x_wconf 79' lang='lat' dir='ltr'><strong>hostendebat</strong></span> <span class='ocrx_word' id='word_1_314' title='bbox 1385 4246 1407 4287; x_wconf 83' lang='grc' dir='ltr'><strong><em>Β</em></strong></span> <span class='ocrx_word' id='word_1_315' title='bbox 1419 4234 1428 4311; x_wconf 86' lang='grc'><strong>11</strong></span> <span class='ocrx_word' id='word_1_316' title='bbox 1440 4233 1513 4303; x_wconf 82' lang='lat' dir='ltr'><strong>phar·</strong></span> 
     </span>
     <span class='ocr_line' id='line_1_35' title="bbox 365 4315 1510 4399; baseline -0.003 -24"><span class='ocrx_word' id='word_1_317' title='bbox 365 4322 458 4381; x_wconf 82' lang='lat' dir='ltr'><strong>saliam</strong></span> <span class='ocrx_word' id='word_1_318' title='bbox 469 4334 489 4376; x_wconf 78' lang='lat' dir='ltr'><em>B</em></span> <span class='ocrx_word' id='word_1_319' title='bbox 501 4323 511 4394; x_wconf 91' lang='grc'><strong>11</strong></span> <span class='ocrx_word' id='word_1_320' title='bbox 523 4323 629 4383; x_wconf 86' lang='lat' dir='ltr'><strong>tharsos</strong></span> <span class='ocrx_word' id='word_1_321' title='bbox 640 4334 666 4375; x_wconf 93' lang='lat' dir='ltr'><em>N</em></span> <span class='ocrx_word' id='word_1_322' title='bbox 676 4320 685 4392; x_wconf 90' lang='grc'><strong>11</strong></span> <span class='ocrx_word' id='word_1_323' title='bbox 701 4324 731 4373; x_wconf 84' lang='grc'><strong>14</strong></span> <span class='ocrx_word' id='word_1_324' title='bbox 744 4339 877 4392; x_wconf 88' lang='lat' dir='ltr'><strong>nusquam</strong></span> <span class='ocrx_word' id='word_1_325' title='bbox 889 4340 931 4374; x_wconf 90' lang='lat' dir='ltr'><strong>om</strong></span> <span class='ocrx_word' id='word_1_326' title='bbox 942 4333 963 4374; x_wconf 80' lang='lat' dir='ltr'><em>N</em></span> <span class='ocrx_word' id='word_1_327' title='bbox 975 4320 984 4399; x_wconf 88' lang='grc'><strong>11</strong></span> <span class='ocrx_word' id='word_1_328' title='bbox 1000 4324 1031 4371; x_wconf 88' lang='grc'><strong>15</strong></span> <span class='ocrx_word' id='word_1_329' title='bbox 1049 4318 1253 4390; x_wconf 82' lang='lat' dir='ltr'><strong>triumphabant</strong></span> <span class='ocrx_word' id='word_1_330' title='bbox 1263 4330 1283 4371; x_wconf 77' lang='grc'><strong>11</strong></span> <span class='ocrx_word' id='word_1_331' title='bbox 1296 4319 1306 4389; x_wconf 94' lang='grc'><strong>11</strong></span> <span class='ocrx_word' id='word_1_332' title='bbox 1321 4321 1353 4371; x_wconf 91' lang='grc'><strong>18</strong></span> <span class='ocrx_word' id='word_1_333' title='bbox 1366 4320 1463 4390; x_wconf 88' lang='lat' dir='ltr'><strong>syllam</strong></span> <span class='ocrx_word' id='word_1_334' title='bbox 1474 4315 1510 4385; x_wconf 70' lang='grc'><strong>31</strong></span> 
     </span>
     <span class='ocr_line' id='line_1_36' title="bbox 365 4398 1509 4477; baseline -0.003 -17"><span class='ocrx_word' id='word_1_335' title='bbox 365 4406 496 4461; x_wconf 80' lang='lat' dir='ltr'><strong>didicerat</strong></span> <span class='ocrx_word' id='word_1_336' title='bbox 508 4398 669 4477; x_wconf 82' lang='lat' dir='ltr'><strong>generosum</strong></span> <span class='ocrx_word' id='word_1_337' title='bbox 681 4402 776 4462; x_wconf 89' lang='lat' dir='ltr'><strong>timere</strong></span> <span class='ocrx_word' id='word_1_338' title='bbox 794 4405 902 4477; x_wconf 86' lang='lat' dir='ltr'><strong>filiaque</strong></span> <span class='ocrx_word' id='word_1_339' title='bbox 918 4405 964 4476; x_wconf 90' lang='grc' dir='ltr'>Ν1</span> <span class='ocrx_word' id='word_1_340' title='bbox 979 4408 1011 4457; x_wconf 86' lang='grc'><strong>19</strong></span> <span class='ocrx_word' id='word_1_341' title='bbox 1028 4420 1089 4457; x_wconf 91' lang='lat' dir='ltr'><strong>cum</strong></span> <span class='ocrx_word' id='word_1_342' title='bbox 1105 4403 1237 4473; x_wconf 88' lang='lat' dir='ltr'><strong>patruolis</strong></span> <span class='ocrx_word' id='word_1_343' title='bbox 1249 4403 1357 4457; x_wconf 81' lang='lat' dir='ltr'><strong>exsulis</strong></span> <span class='ocrx_word' id='word_1_344' title='bbox 1367 4415 1401 4469; x_wconf 83' lang='lat' dir='ltr'><strong>N,</strong></span> <span class='ocrx_word' id='word_1_345' title='bbox 1416 4410 1444 4457; x_wconf 91' lang='lat' dir='ltr'><strong>et</strong></span> <span class='ocrx_word' id='word_1_346' title='bbox 1455 4419 1509 4473; x_wconf 83' lang='lat' dir='ltr'><strong>par·</strong></span> 
     </span>
     <span class='ocr_line' id='line_1_37' title="bbox 364 4479 1508 4573; baseline -0.003 -30"><span class='ocrx_word' id='word_1_347' title='bbox 364 4492 445 4544; x_wconf 89' lang='lat' dir='ltr'><strong>uulus</strong></span> <span class='ocrx_word' id='word_1_348' title='bbox 458 4492 546 4573; x_wconf 74' lang='lat' dir='ltr'><strong>exylla</strong></span> <span class='ocrx_word' id='word_1_349' title='bbox 564 4505 582 4544; x_wconf 79' lang='lat' dir='ltr'><em>B</em></span> <span class='ocrx_word' id='word_1_350' title='bbox 595 4492 604 4563; x_wconf 95' lang='grc'><strong>11</strong></span> <span class='ocrx_word' id='word_1_351' title='bbox 618 4496 650 4545; x_wconf 87' lang='lat'><strong>20</strong></span> <span class='ocrx_word' id='word_1_352' title='bbox 664 4507 756 4553; x_wconf 83' lang='lat' dir='ltr'><strong>omnes</strong></span> <span class='ocrx_word' id='word_1_353' title='bbox 768 4489 848 4544; x_wconf 86' lang='lat' dir='ltr'><strong>usum</strong></span> <span class='ocrx_word' id='word_1_354' title='bbox 859 4479 888 4542; x_wconf 91' lang='lat' dir='ltr'><strong>in</strong></span> <span class='ocrx_word' id='word_1_355' title='bbox 905 4480 994 4561; x_wconf 79' lang='grc' dir='ltr'>Ν1121</span> <span class='ocrx_word' id='word_1_356' title='bbox 1013 4487 1163 4557; x_wconf 87' lang='lat' dir='ltr'><strong>inmagines</strong></span> <span class='ocrx_word' id='word_1_357' title='bbox 1180 4487 1267 4557; x_wconf 75' lang='lat' dir='ltr'><strong>⁸l²4</strong></span> <span class='ocrx_word' id='word_1_358' title='bbox 1285 4487 1400 4542; x_wconf 85' lang='lat' dir='ltr'><strong>uolente</strong></span> <span class='ocrx_word' id='word_1_359' title='bbox 1420 4507 1461 4542; x_wconf 82' lang='lat' dir='ltr'><strong>om</strong></span> <span class='ocrx_word' id='word_1_360' title='bbox 1472 4484 1508 4553; x_wconf 72' lang='grc'><strong>11</strong></span> 
     </span>
     <span class='ocr_line' id='line_1_38' title="bbox 365 4572 1509 4647; baseline -0.003 -21"><span class='ocrx_word' id='word_1_361' title='bbox 365 4578 397 4627; x_wconf 83' lang='lat'><strong>26</strong></span> <span class='ocrx_word' id='word_1_362' title='bbox 415 4577 544 4630; x_wconf 77' lang='lat' dir='ltr'><strong>mortuis</strong></span> <span class='ocrx_word' id='word_1_363' title='bbox 557 4578 566 4647; x_wconf 93' lang='grc'><strong>11</strong></span> <span class='ocrx_word' id='word_1_364' title='bbox 580 4580 611 4629; x_wconf 84' lang='grc'><strong>28</strong></span> <span class='ocrx_word' id='word_1_365' title='bbox 625 4573 709 4629; x_wconf 87' lang='lat' dir='ltr'><strong>dilata</strong></span> <span class='ocrx_word' id='word_1_366' title='bbox 721 4574 871 4629; x_wconf 86' lang='lat' dir='ltr'><strong>coniuratio</strong></span> <span class='ocrx_word' id='word_1_367' title='bbox 883 4574 1028 4629; x_wconf 78' lang='lat' dir='ltr'><strong>Halmius:</strong></span> <span class='ocrx_word' id='word_1_368' title='bbox 1046 4572 1130 4632; x_wconf 85' lang='lat' dir='ltr'><strong>dilata</strong></span> <span class='ocrx_word' id='word_1_369' title='bbox 1141 4572 1290 4625; x_wconf 87' lang='lat' dir='ltr'><strong>dominatio</strong></span> <span class='ocrx_word' id='word_1_370' title='bbox 1302 4585 1338 4637; x_wconf 79' lang='lat' dir='ltr'><strong>N,</strong></span> <span class='ocrx_word' id='word_1_371' title='bbox 1358 4573 1456 4628; x_wconf 84' lang='lat' dir='ltr'><strong>ussatio</strong></span> <span class='ocrx_word' id='word_1_372' title='bbox 1468 4572 1509 4625; x_wconf 80' lang='lat' dir='ltr'><strong>do</strong></span> 
     </span>
     <span class='ocr_line' id='line_1_39' title="bbox 365 4660 703 4731; baseline 0.006 -18"><span class='ocrx_word' id='word_1_373' title='bbox 365 4665 428 4713; x_wconf 86' lang='lat' dir='ltr'><strong>nata</strong></span> <span class='ocrx_word' id='word_1_374' title='bbox 438 4672 462 4711; x_wconf 88' lang='grc' dir='ltr'><em>Ν</em></span> <span class='ocrx_word' id='word_1_375' title='bbox 474 4660 482 4729; x_wconf 92' lang='grc'><strong>11</strong></span> <span class='ocrx_word' id='word_1_376' title='bbox 495 4664 528 4713; x_wconf 82' lang='lat'><strong>29</strong></span> <span class='ocrx_word' id='word_1_377' title='bbox 540 4662 647 4731; x_wconf 88' lang='lat' dir='ltr'><strong>patricii</strong></span> <span class='ocrx_word' id='word_1_378' title='bbox 658 4674 684 4714; x_wconf 92' lang='lat' dir='ltr'><em>N</em></span> <span class='ocrx_word' id='word_1_379' title='bbox 694 4660 703 4730; x_wconf 93' lang='grc'><strong>11</strong></span> 
     </span>
    </p>
   </div>
   <div class='ocr_carea' id='block_1_4' title="bbox 0 0 1910 5534">
    <p class='ocr_par' dir='ltr' id='par_1_9' title="bbox 0 0 1910 5534">
     <span class='ocr_line' id='line_1_40' title="bbox 0 0 1910 5534; baseline 0 0"><span class='ocrx_word' id='word_1_380' title='bbox 0 0 1910 5534; x_wconf 95' lang='lat' dir='ltr'><strong> </strong></span> 
     </span>
    </p>
   </div>
  </div>
 </body>
</html>
