3809 5534
382 394 423 454 48
861 408 931 452 rvnr
947 408 1046 452 raoni

383 564 455 627 culo
470 561 615 626 triduum
629 557 822 643 impleuerit.
846 557 970 642 primus
986 558 1054 621 dies
1070 556 1164 639 signa
1178 556 1382 639 tabulasque,
1400 575 1518 637 sequen
1557 593 1576 623 .-

383 690 472 731 arma
486 667 659 751 pecuniam
674 663 866 741 tremuerit,
882 664 998 728 tertius
1013 661 1158 747 captiuos
1174 661 1345 746 ipsumque
1359 681 1469 743 regem
1484 661 1569 728 ab„

383 775 526 838 tonitum
541 773 648 836 adhuc
663 783 828 854 tamquam
842 770 950 835 subito
970 770 1056 834 malo
1070 780 1112 832 et
1133 778 1328 853 stupentem.
1355 768 1412 830 sed
1433 767 1576 836 mult<

382 878 472 962 prius
486 877 642 961 gaudium
655 877 809 941 uictoriae
830 877 969 961 populus
991 877 1160 939 Romanus
1181 896 1279 957 quam
1300 871 1450 956 epistulis
1472 872 1576 936 uioe-

383 983 461 1048 toris
476 993 689 1067 praeceperat.
718 983 837 1068 quippe
852 985 965 1046 eodem
986 980 1057 1057 die,
1081 1003 1144 1064 quo
1165 980 1272 1043 uictus
1294 989 1345 1042 est
1366 980 1480 1043 Perses
1500 978 1568 1043 in

384 1090 594 1165 Macedonia,
621 1091 745 1153 Romae
771 1088 938 1172 cognitum
958 1099 1027 1164 est,
1050 1110 1124 1151 cum
1144 1088 1209 1151 duo
1231 1085 1368 1149 iuuenes
1395 1084 1567 1147 candidis

383 1195 474 1278 equis
489 1197 575 1279 apud
590 1196 747 1260 Iuturnae
761 1195 869 1259 lacum
882 1196 1051 1278 puluerem
1073 1204 1106 1257 et
1127 1214 1271 1256 cruorem
1293 1191 1479 1254 abluebant.
1502 1188 1564 1253 hi

383 1300 586 1364 nuntiauere.
611 1303 778 1366 Castorem
792 1312 825 1364 et
840 1300 1008 1365 Pollucem
1022 1298 1123 1362 fuisse
1138 1298 1298 1361 creditum
1311 1298 1429 1380 uolgo,
1456 1294 1562 1379 quod

382 1406 504 1491 gemini
517 1407 656 1470 fuissent
663 1431 673 1483 ;
697 1405 882 1469 interfuisse
895 1405 1000 1481 bello,
1023 1406 1109 1488 quod
1132 1402 1291 1487 sanguine
1311 1404 1496 1477 maderent;
1530 1419 1561 1461 a

382 1513 575 1578 Macedonia
589 1512 712 1589 uenire,
729 1513 815 1595 quod
830 1512 936 1574 adhuc
951 1511 1151 1575 anhelarent.

490 1755 680 1819 XXVIIII.
704 1755 889 1819 BELLVM
905 1754 1164 1819 ILLYRICVM
1180 1752 1442 1818 SECVNDVM.

276 1965 316 2018 11,
333 1946 371 2007 13
385 1940 585 2005 Macedonici
598 1940 676 2003 belli
691 1940 839 2024 contagio
854 1941 953 2004 traxit
968 1940 1115 2023 Illyrios;
1141 1939 1169 2003 si
1191 1939 1341 2023 quidem,
1363 1949 1402 2001 ut
1422 1940 1557 2001 Roma-⁸

385 2070 465 2111 num
480 2070 499 2111 a
514 2058 603 2130 tergo
624 2046 870 2129 distringerent,
895 2068 914 2109 a
930 2049 1028 2111 Perse
1048 2068 1122 2129 rege
1137 2045 1290 2110 conducti
1304 2044 1445 2129 pecunia
1458 2040 1552 2105 mili-

385 2163 548 2216 tauerunt.
584 2152 654 2215 sine
675 2173 764 2215 mora
785 2153 825 2215 ab
846 2151 963 2215 Anicio
983 2162 1127 2234 praetore
1150 2151 1356 2234 subigrmtur.
1389 2150 1547 2213 Scodram

386 2269 483 2341 caput
497 2256 603 2341 gentis
619 2258 741 2322 delesse
756 2257 898 2333 suffecit3
923 2257 1033 2320 statim
1055 2268 1165 2320 secuta
1179 2256 1300 2321 deditio
1318 2267 1379 2320 est.
1404 2255 1544 2337 denique
1561 2255 1576 2305 1·

385 2364 578 2427 bochellum
593 2373 668 2426 ante
678 2362 809 2427 finitum
823 2373 872 2426 est
887 2383 985 2445 quam
998 2362 1066 2445 geri
1081 2364 1204 2425 Romae
1219 2362 1438 2425 nuntiaretur.

507 2619 625 2681 XXX.
650 2620 834 2684 BELLVM
850 2619 1192 2684 MACEDONICVM
1208 2617 1431 2681 TERTIVM.

281 2846 321 2901 11,
338 2830 377 2889 14
390 2824 539 2891 Quodam
554 2821 640 2898 fato,
657 2821 750 2904 quasi
765 2821 811 2885 ita
825 2821 1029 2886 conuenisset
1044 2822 1128 2885 inter
1144 2823 1270 2886 Poenos
1293 2832 1325 2884 et
1346 2820 1533 2883 Macedonas

388 2939 425 2993 ut
440 2927 534 2991 tertio
548 2950 675 3010 quoque
689 2928 897 2992 uincerentur
904 2975 914 3004 ,
939 2930 1051 2991 eodem
1071 2939 1213 3011 tempore
1227 2926 1356 3009 utrique
1371 2948 1463 2990 arma
1475 2944 1533 2987 mo

388 3044 517 3097 uerunt.
543 3035 599 3096 sed
613 3033 700 3117 prior
714 3033 828 3117 iugum
843 3033 967 3097 excutit
982 3035 1136 3109 Macedo,
1161 3032 1327 3115 aliquanto
1349 3054 1449 3115 quam
1468 3032 1567 3094 antell

386 3140 538 3225 grauior,
570 3140 649 3202 dum
678 3139 905 3203 contemnitur.
951 3161 1049 3202 causa
1077 3138 1155 3202 belli
1183 3161 1282 3222 prope
1311 3138 1533 3202 erubescenda.

388 3246 506 3331 quippe
527 3267 664 3330 regnum
685 3243 804 3328 pariter
824 3255 856 3307 et
875 3244 998 3308 bellum
1018 3244 1069 3308 uir
1090 3245 1226 3308 ultimae
1247 3243 1342 3308 sortis
1364 3243 1536 3308 Andriscus

386 3353 562 3429 inuaserat,
580 3351 715 3415 dubium
726 3350 807 3412 liber
820 3371 861 3412 an
878 3372 1002 3426 seruus,
1019 3351 1256 3414 mercennarius
1272 3361 1358 3413 certe
1367 3374 1377 3426 ς
1397 3352 1456 3414 sed
1469 3347 1537 3433 quia

387 3460 487 3542 uulgo
501 3480 542 3521 ex
556 3456 769 3523 similitudine
785 3455 930 3540 Philippi
947 3457 1063 3520 Persae
1084 3456 1144 3518 filii
1168 3456 1467 3540 Pseudophilippus
1487 3476 1536 3517 uo

388 3565 519 3626 sabatur
527 3610 537 3639 ,
554 3564 675 3645 regiam
689 3563 843 3637 formam,
861 3561 987 3644 regium
1001 3584 1136 3637 nomen,
1154 3562 1298 3625 animum
1313 3584 1445 3645 quoque
1459 3558 1535 3644 regis
1550 3564 1571 3617 25

388 3668 545 3751 impleuit.
575 3668 675 3749 igitur
698 3668 776 3730 dum
796 3668 876 3731 haec
897 3666 968 3752 ipsa
989 3668 1167 3731 contemnit
1191 3668 1331 3752 populus
1360 3671 1535 3741 Romanus,

390 3772 542 3836 quentio
557 3784 700 3855 praetore
716 3783 905 3849 contentus,
929 3772 1037 3836 uirum
1051 3795 1118 3837 non
1141 3774 1360 3838 Macedonicis
1375 3775 1473 3837 modo
1487 3772 1536 3835 sed

386 4048 776 4121 lpaounialel3etolel
791 4049 939 4119 5quodlll
954 4049 1537 4122 liutumaeNllssuulgoafltlmadherant

385 4149 412 4191 N
422 4136 431 4206 ll
446 4139 474 4188 il
490 4147 645 4191 uuluam
656 4145 682 4186 N
692 4134 701 4204 {l
715 4147 864 4187 sacvnnvsr
871 4146 944 4187 omN
955 4135 964 4205 Η
980 4138 1010 4187 12
1022 4134 1164 4188 macedoni
1174 4147 1200 4189 N
1210 4135 1219 4205 ΙΙ
1231 4135 1325 4206 illyros
1336 4148 1364 4189 N
1373 4138 1383 4208 l
1396 4138 1421 4191 si
1434 4136 1536 4207 quidem

389 4306 451 4357 dam
462 4319 487 4359 N
497 4306 506 4377 ss
521 4310 551 4360 Π
566 4317 693 4359 raanrvrr
705 4321 747 4355 om
757 4313 783 4355 N
793 4303 801 4373 ll
815 4306 847 4356 20
860 4309 917 4355 arte
928 4315 955 4356 N
965 4304 974 4373 ll
987 4308 1020 4356 24
1038 4305 1124 4375 uulgo
1141 4304 1281 4374 philippus
1297 4321 1392 4374 persae
1404 4306 1478 4360 filius
1493 4320 1535 4357 uo-

390 4388 500 4444 cabatur
516 4404 550 4454 n,
573 4390 658 4459 uulgo
670 4388 809 4460 philippus
826 4405 861 4440 ex
878 4388 1056 4441 similitudine
1067 4389 1184 4460 philippi
1196 4390 1413 4461 pseudofilippus
1426 4390 1533 4445 uocaba-

389 4481 435 4524 tur
446 4475 489 4545 ΝΙΙ
502 4479 535 4528 25
548 4475 637 4528 animo
657 4490 765 4545 quoque
783 4473 857 4543 regi0
878 4485 902 4525 N
913 4475 921 4544 ll
935 4478 967 4526 27
982 4481 1152 4544 contemptus
1163 4488 1188 4529 N
1197 4477 1206 4545 ΙΙ
