3809 5534
752 611 902 656 serrone
917 613 956 670 11,
975 603 1005 656 13
1024 592 1106 676 [rrrr,
1123 592 1165 676 2].
1492 597 1553 659 103

346 769 348 782 “
407 782 511 844 poenas
525 761 663 826 dabant.
688 760 834 832 omnium
847 772 1009 844 postrema
1022 760 1234 839 certaminum
1249 763 1384 828 Munda.
1416 761 1552 827 hicnon

406 889 454 951 pro
466 864 762 944 monteliano,
779 868 834 940 ted
850 873 967 950 anceps
982 876 1015 936 at
1029 866 1086 936 oia
1101 866 1191 938 triste
1205 866 1363 950 proelium
1370 913 1380 945 ,
1404 878 1441 932 ut
1454 868 1551 950 plane

405 972 558 1042 uideretur
571 970 682 1048 nascio
697 970 775 1054 quid
782 971 957 1038 deliberare
966 972 1119 1038 Fortuna.
1138 984 1260 1050 sancet
1274 972 1343 1056 ipsa
1358 983 1433 1036 ante
1449 972 1551 1037 aciem

403 1076 545 1154 amtor
559 1097 629 1147 noa
644 1098 685 1142 ax
697 1098 785 1142 more
796 1077 926 1155 Caesar,
943 1077 1013 1144 siue
1024 1090 1171 1161 respectu
1180 1078 1364 1162 fragilitatis
1376 1078 1549 1156 humanae,

374 1182 464 1248 aare
489 1181 629 1254 nimiam
653 1202 876 1266 prosperorum
901 1194 1086 1266 suspectam
1112 1184 1234 1250 habena
1259 1183 1548 1260 continuationem,

402 1288 450 1354 uel
462 1289 579 1358 emam
593 1286 723 1364 amens,
739 1296 910 1370 postquam
923 1286 1011 1352 idem
1018 1310 1086 1353 esse
1100 1298 1247 1371 coeperat
1259 1290 1344 1370 quod
1357 1288 1531 1372 Pompeius
1538 1313 1548 1366 ;

401 1393 483 1457 etin
508 1392 580 1475 ipso
603 1390 741 1476 proelio,
764 1392 851 1475 quod
872 1413 968 1455 nemo
989 1415 1144 1476 umquam
1164 1392 1371 1470 meminent,
1397 1416 1472 1458 cum
1493 1393 1550 1456 diu

400 1498 463 1581 pari
476 1499 586 1576 Marte
602 1496 686 1562 acies
700 1495 784 1568 nihil
798 1496 936 1581 amplius
951 1520 1049 1580 quam
1060 1498 1252 1576 occiderent,
1268 1498 1304 1562 in
1318 1498 1425 1563 medio
1439 1501 1549 1563 ardore

400 1602 617 1687 pugnantium
631 1601 738 1668 subito
752 1599 868 1684 ingens
882 1600 968 1674 inter
982 1613 1133 1685 uncaque
1153 1602 1319 1680 silentium
1327 1650 1338 1681 ,
1361 1603 1453 1686 quasi
1474 1626 1549 1667 con·

346 1717 382 1768 10
400 1709 541 1784 aeuimet
554 1717 587 1772 et
602 1705 656 1784 hic
670 1705 815 1774 omnium
829 1728 943 1772 sensus
957 1718 1041 1772 esset
1051 1700 1129 1791 ‘quo
1144 1731 1245 1791 usque
1260 1700 1419 1774 bellumi’
1442 1708 1550 1773 nouis-

400 1813 476 1890 time
496 1811 691 1890 inusitatum
705 1811 851 1880 canna
871 1812 974 1878 oculis
994 1812 1100 1884 netas:
1125 1824 1198 1897 post
1218 1814 1475 1898 quattuordecim
1494 1836 1550 1878 an·

399 1942 454 1988 aas
468 1919 608 2003 probate
620 1926 846 1992 uetarmrorum
860 1938 976 1990 manus
989 1918 1126 2001 gradum
1140 1930 1226 1986 retro
1240 1920 1347 2004 dedit,
1369 1942 1468 2003 quos,
1491 1917 1551 1984 atsi

399 2026 544 2096 nondum
557 2023 725 2106 frigerent,
748 2021 896 2106 apparant
917 2033 1028 2088 tamen
1043 2025 1164 2107 pudore
1184 2025 1288 2109 magis
1309 2047 1407 2109 quam
1429 2025 1551 2091 uirtute

400 2129 555 2206 meare.
586 2126 695 2210 itaque
717 2125 774 2192 ille
795 2127 943 2211 ablegato
964 2149 1046 2209 equo
1072 2128 1186 2194 similis
1212 2129 1333 2194 fruenti
1357 2130 1495 2213 primam
1516 2130 1551 2193 in

346 2240 386 2296 15
402 2235 500 2298 aciem
521 2231 691 2317 procurrit.
727 2230 771 2294 ibi
792 2253 941 2315 prensare
963 2232 1137 2314 fugientis,
1161 2236 1349 2298 confirmare
1369 2234 1549 2318 signiferos,

400 2361 486 2406 nare
500 2336 624 2410 bertari
631 2384 642 2418 ,
658 2358 716 2422 per
731 2347 835 2402 totum
849 2336 988 2420 deniqrrc
1003 2358 1120 2421 agmen
1134 2338 1236 2420 oculis
1249 2339 1398 2414 manibus
1413 2340 1551 2404 elamore

400 2444 544 2512 uolitare.
560 2441 679 2518 dicitru
693 2441 727 2505 in
742 2440 801 2508 illa
814 2441 1054 2526 perturbatione
1069 2453 1102 2509 et
1116 2445 1156 2507 de
1178 2445 1329 2522 extremis
1350 2445 1489 2529 agitasse
1503 2466 1551 2510 se·

401 2572 472 2618 cnm
492 2547 727 2632 manifestoque
749 2547 843 2612 uoltu
862 2546 980 2625 fuisse,
1009 2547 1101 2629 quasi
1122 2570 1276 2634 occupare
1296 2561 1432 2614 mortem
1453 2571 1552 2613 manu

405 2656 519 2734 selim
549 2652 614 2728 nisi
635 2653 782 2718 cohortes
802 2652 945 2730 bostium
965 2653 1106 2738 quinque
1127 2676 1183 2738 per
1211 2664 1426 2720 transuersam
1451 2654 1553 2727 aciem

358 2769 389 2824 21
405 2772 510 2838 actae,
535 2780 617 2842 quas
636 2756 801 2828 Labicum
814 2757 1071 2844 periclitantibm
1093 2759 1205 2824 castris
1226 2760 1386 2844 praesidio
1408 2760 1551 2836 miserat,

402 2865 538 2951 speciem
558 2862 654 2945 fugae
682 2863 914 2947 praebuissent.
950 2863 1012 2928 hoc
1032 2874 1089 2930 aut
1109 2875 1142 2931 et
1161 2865 1230 2950 ipse
1252 2865 1388 2932 credidit
1408 2876 1467 2931 aut
1486 2867 1560 2930 dux„

402 2972 535 3045 callidus
560 2966 695 3051 arripiat
716 2967 751 3040 iu
778 2968 996 3045 occasionem,
1023 2980 1057 3034 et
1079 2969 1172 3053 quasi
1190 2971 1227 3035 in
1251 2972 1413 3057 fugientes
1434 2982 1467 3035 et
1488 2971 1553 3034 iam

402 3076 503 3142 uictos
516 3074 616 3150 simui
630 3084 809 3154 stauarum
824 3074 925 3142 erexit
946 3074 1071 3142 animos
1086 3087 1120 3140 et
1133 3076 1236 3142 hostis
1257 3077 1405 3159 perculit.
1430 3098 1506 3139 narn
1521 3088 1553 3140 et

402 3180 448 3258 hi,
462 3183 544 3259 darm
557 3201 593 3259 aa
606 3189 725 3263 putant
739 3179 882 3258 uincere,
897 3179 1013 3246 fartim
1028 3179 1130 3264 sequi,
1143 3193 1178 3246 et
1192 3181 1393 3266 Pompeiani,
1410 3184 1489 3246 dum
1503 3181 1552 3244 fu-

364 3290 389 3346 a
402 3307 472 3369 gara
487 3286 625 3360 madunt
639 3307 716 3356 suos
723 3333 733 3366 ,
755 3286 866 3368 fugere
878 3297 1064 3369 coeperunt.
1097 3299 1219 3372 quanta
1238 3285 1335 3352 fuerit
1356 3286 1391 3350 in
1405 3287 1554 3352 hostibus

402 3389 573 3471 espinaciis
585 3390 634 3462 ira
648 3391 815 3474 rabiesque
829 3390 1017 3470 uictoribus,
1034 3391 1081 3458 sic
1095 3392 1257 3466 aestimari
1278 3402 1402 3476 potest,
1426 3393 1512 3474 quod
1534 3414 1554 3464 a

401 3495 521 3578 praelio
535 3496 663 3579 profugi
678 3518 753 3570 cum
767 3519 800 3562 se
816 3497 977 3560 Mundam
991 3496 1206 3580 recepissent,
1230 3506 1263 3559 et
1284 3499 1401 3566 Caesar
1415 3495 1553 3560 obsideri

403 3602 512 3680 statim
525 3600 630 3676 ,uictos
652 3600 860 3684 imperasset,
888 3600 1048 3683 congestis
1071 3602 1280 3678 cadaueribus
1301 3621 1398 3685 agger
1422 3601 1553 3664 effectus

404 3890 418 3939 3
429 3887 545 3941 liberare
556 3899 576 3939 Β
588 3886 597 3955 11
611 3890 625 3938 4
637 3884 750 3939 caesaris
763 3870 810 3937 sire
822 3897 841 3937 Ν
854 3884 863 3955 11
876 3897 1028 3955 respectum
1040 3900 1074 3951 a,
1089 3893 1227 3957 respectus
1238 3898 1263 3940 Ν
1274 3886 1282 3957 11
1297 3891 1310 3939 7
1330 3893 1358 3940 et
1373 3886 1488 3956 amini:
1506 3888 1555 3941 sed

401 3984 442 4027 ΝΝ
453 3973 463 4043 11
477 3976 492 4027 8
505 3971 575 4028 nibil
586 3971 799 4046 aliudquamrvp
814 3973 845 4025 10
858 3979 885 4026 et
898 3971 941 4026 hic
954 3970 1164 4026 Momnneaias:
1177 3972 1206 4028 in
1218 3972 1262 4025 hic
1273 3986 1301 4037 a,
1316 3973 1415 4044 111οΝ1
1428 3980 1487 4025 erat
1497 3986 1522 4026 Ν
1533 3973 1541 4042 11
1601 3986 1607 4000 ·
1657 4006 1661 4013 ·

404 4055 506 4112 beilum
516 4055 727 4116 Mammrmiac:
742 4055 849 4112 illumu
863 4057 871 4126 1
885 4073 939 4128 quo
952 4073 1037 4126 usque
1050 4056 1151 4111 bellum
1164 4075 1205 4109 om
1217 4068 1242 4110 Ν
1253 4059 1261 4128 11
1277 4062 1305 4112 11
1315 4058 1474 4112 inusitatum
1485 4056 1554 4110 illud

401 4143 444 4212 Ν1
459 4146 491 4198 12
503 4140 634 4216 (111οά111
649 4142 679 4194 rt
692 4140 819 4212 fugerant
830 4140 978 4198 Heinsius.-
996 4140 1175 4211 sugeretnnfl
1188 4142 1334 4212 apparebat
1346 4155 1371 4196 Ν
1382 4142 1392 4212 1
1406 4145 1437 4193 14
1451 4141 1498 4193 ille
1512 4159 1554 4194 om

401 4238 425 4285 Ν
434 4232 444 4296 1
460 4225 642 4296 1511131αι11ω
651 4226 696 4298 Ν1
709 4225 853 4296 signiferos
866 4242 941 4280 orare
954 4223 1056 4278 hortari
1071 4236 1143 4284 omn
1154 4224 1163 4296 1
1179 4229 1207 4278 17
1215 4244 1306 4283 secum
1319 4234 1347 4280 et
1360 4227 1399 4281 ita
1410 4224 1553 4277 manifesto

404 4310 534 4380 uoltutttl
548 4310 690 4378 liuultaa
703 4311 713 4384 11
727 4314 758 4368 19
771 4309 824 4364 nisi
836 4309 910 4382 quod
922 4309 1101 4375 cohortean,
1116 4312 1190 4382 quod
1198 4331 1265 4375 ωης
1278 4314 1286 4382 11
1299 4316 1332 4366 20
1338 4308 1555 4381 periclitantibus

399 4396 483 4467 3121
491 4402 584 4460 autem
596 4406 615 4448 a
628 4394 637 4466 1
650 4398 682 4452 22
696 4394 821 4452 attribuit
831 4406 856 4450 Ν
867 4394 876 4466 1
890 4394 1174 4468 qnasisugientomrri
1187 4396 1240 4451 iam
1247 4394 1452 4466 uictesacrtpai:
1467 4393 1553 4452 inuic-

399 4488 441 4534 tos
452 4492 481 4546 Ν,
496 4478 622 4542 inuectus
634 4492 659 4532 Ν
669 4479 679 4552 1
692 4482 723 4534 23
737 4478 868 4536 ηειωΙιίΝ
880 4478 889 4550 1
903 4483 935 4534 tt
947 4478 1025 4549 sequi
1036 4479 1065 4534 in
1082 4480 1236 4552 pompeiani
1247 4479 1293 4552 Ν1
1305 4484 1337 4534 25
1352 4481 1381 4534 in
1391 4478 1484 4540 addidi
1488 4499 1498 4530 .·
1511 4497 1554 4542 aar

402 4576 446 4624 arr
455 4565 464 4635 11
477 4562 600 4624 hosfium
611 4564 706 4620 caedes
717 4564 761 4635 Ν1
776 4566 808 4617 26
821 4563 957 4622 caedentis
971 4564 986 4617 b
998 4564 1008 4636 11
1021 4564 1161 4620 aestimare
1181 4567 1196 4619 b
1209 4565 1218 4635 11
1231 4572 1322 4640 posset
1333 4578 1352 4620 B
1365 4566 1374 4635 11
1386 4564 1438 4625 hoe
1450 4582 1467 4617 a
1478 4582 1554 4636 proc·
1628 4638 1633 4645 ἱ

403 4649 439 4703 lic
451 4663 477 4703 Ν
488 4650 497 4721 11
512 4653 543 4703 27
558 4648 659 4701 munda
671 4660 693 4701 Ν
706 4647 713 4717 11
728 4651 759 4700 28
773 4648 860 4702 uictor
872 4661 890 4701 B
904 4647 912 4717 11
