3809 5534
367 589 407 650 72
855 608 925 651 rvur
941 608 1040 653 raoni

366 755 453 820 illius
468 777 578 840 pugna
592 755 773 820 iustissimis
788 755 917 839 quidem
932 779 974 819 ex
988 758 1103 823 causis.
1128 758 1261 823 Haedui
1275 761 1316 822 de
1330 760 1521 823 incursioni-

367 863 427 925 bus
443 884 552 924 eorum
573 864 795 945 querebantur.
828 884 909 945 quae
924 873 994 925 erat
1005 862 1160 926 Ariouisti
1174 864 1257 947 regis
1273 866 1438 950 superbia!
1470 865 1523 929 cui

368 990 443 1031 cum
450 966 548 1050 legati
556 966 697 1029 dicerent
707 961 798 1030 ‘ueni
805 970 845 1031 ad
853 970 1023 1032 Caesarem
1031 959 1053 1043 3'
1069 978 1102 1030 et
1113 961 1198 1051 ‘quis
1213 980 1262 1033 est
1269 964 1420 1035 Caesari’
1436 982 1470 1035 et
1481 966 1522 1035 ‘si

367 1073 451 1149 uult,
468 1064 587 1136 ueniat'
609 1071 730 1155 inquit,
748 1082 780 1135 et
791 1066 882 1155 ‘quid
898 1074 938 1135 ad
953 1073 1063 1150 illum,
1081 1074 1158 1157 quid
1172 1085 1247 1158 agat
1260 1086 1371 1140 nostra
1387 1078 1520 1141 Germa-

368 1178 442 1241 niai
469 1200 549 1239 num
574 1199 633 1260 ego
657 1200 709 1240 me
735 1177 903 1260 interpono
928 1171 1123 1243 Romanisi'
1145 1180 1252 1263 itaque
1278 1191 1390 1246 tantus
1415 1184 1522 1266 gentis
1551 1202 1557 1249 t

368 1305 472 1348 nouae
487 1293 585 1346 terror
598 1282 633 1344 in
654 1283 763 1347 castris
786 1293 823 1346 ut
844 1293 1036 1346 testamenta
1049 1284 1169 1367 passim
1190 1285 1288 1348 etiam
1302 1286 1337 1349 in
1351 1287 1522 1371 principiis

369 1388 589 1452 scriberentur.
625 1391 680 1452 scd
706 1389 762 1451 illa
787 1389 942 1452 immania
967 1412 1097 1472 corpora
1118 1412 1181 1472 quo
1200 1391 1321 1454 maiora
1343 1404 1457 1469 erant,
1485 1416 1521 1457 eo

324 1550 330 1563 ,
368 1494 470 1577 magis
484 1493 600 1577 gladiis
614 1494 758 1577 ferroque
773 1505 956 1578 patucnmt.
974 1495 1030 1576 qui
1041 1496 1126 1558 calor
1136 1495 1172 1556 in
1183 1496 1369 1578 proeliando
1380 1498 1521 1561 militum

367 1599 475 1676 fuerit,
491 1600 581 1662 nullo
595 1599 698 1682 magis
713 1599 848 1683 exprimi
862 1610 968 1682 potest
982 1621 1079 1682 quarn
1094 1602 1190 1682 quod,
1208 1601 1299 1664 elatis
1314 1624 1412 1684 super
1427 1614 1519 1686 caput

276 1690 279 1697 ¹
368 1707 465 1770 scutis
481 1728 555 1769 cum
577 1728 611 1768 se
636 1705 797 1767 testudine
821 1706 975 1767 barbarus
1002 1715 1138 1787 tegeret,
1167 1727 1262 1787 super
1285 1706 1356 1789 ipsa
1379 1709 1516 1772 Romani
1531 1722 1554 1771 11

367 1822 457 1875 scuta
472 1811 643 1886 salierunt,
668 1820 700 1872 et
721 1809 796 1873 iude
811 1810 846 1872 in
866 1810 992 1893 iugulos
1013 1811 1113 1893 gladii
1132 1812 1379 1876 descendebant.
1404 1816 1517 1878 iterum

368 1919 407 1979 de
423 1916 585 1979 Germano
608 1913 756 1977 Tencteri
778 1916 1001 1997 querebantur.
1036 1916 1089 1979 hic
1112 1938 1187 1979 uero
1209 1916 1275 1978 iam
1296 1918 1417 1980 Caesar
1437 1919 1516 1981 ultro

269 2083 272 2087 .
369 2022 539 2085 Mosellam
553 2020 774 2107 naualibponte
790 2021 1020 2103 transgreditur
1033 2020 1201 2103 ipsumque
1220 2022 1376 2085 Rhenum
1391 2034 1424 2086 et
1438 2026 1516 2087 Her·

368 2126 469 2211 cyniis
484 2127 610 2189 hostem
625 2126 748 2209 quaerit
769 2126 804 2187 in
827 2126 935 2202 siluis3
962 2127 1074 2190 sedin
1097 2127 1195 2189 saltus
1218 2149 1255 2189 ac
1280 2129 1416 2211 paludes
1443 2152 1516 2212 gens

368 2232 471 2296 omnis
498 2232 676 2314 diffugerat.
712 2240 839 2294 tantum
862 2233 992 2315 pauoris
1018 2233 1153 2297 incussit
1178 2233 1263 2295 intra
1287 2233 1392 2316 ripam
1415 2236 1553 2299 subitati

366 2339 515 2400 Romana
529 2337 589 2400 uis.
625 2359 685 2399 nec
700 2338 798 2400 semel
813 2338 968 2412 Rhenus,
996 2348 1044 2399 set
1057 2338 1174 2400 iterum
1188 2359 1325 2421 quoque,
1342 2350 1377 2401 et
1392 2339 1517 2420 quidem

367 2452 464 2525 ponte
490 2442 574 2504 sacto
594 2452 778 2524 penetratus
799 2453 857 2505 est.
887 2441 989 2504 maior
1008 2442 1172 2524 aliquanto
1195 2444 1378 2528 trepidatio.
1403 2444 1517 2528 quippe

367 2570 441 2610 cum
455 2548 609 2611 Rhenum
624 2568 718 2609 suurn
733 2547 778 2609 sic
792 2557 889 2630 ponto
904 2547 995 2629 quasi
1010 2547 1085 2630 iugo
1100 2559 1230 2631 captum
1251 2549 1421 2626 uiderent,
1445 2552 1518 2635 fuga

366 2676 474 2717 rursus
488 2653 524 2715 in
539 2653 636 2716 siluas
652 2662 684 2714 et
698 2653 852 2734 paludeS,
881 2663 925 2728 et,
942 2655 1028 2735 quod
1043 2654 1281 2716 acerbissimum
1297 2656 1431 2719 Caesari
1446 2656 1515 2731 fuit,

367 2782 433 2821 non
448 2760 547 2833 suere,
565 2758 619 2840 qui
635 2757 849 2820 uincerentur.
1532 2770 1557 2821 n

451 2863 609 2927 Omnibus
637 2872 720 2924 terra
745 2863 887 2945 marique
912 2863 1087 2947 peragratis
1113 2866 1252 2948 respexit
1278 2866 1449 2931 Oceanum
1476 2879 1516 2945 et,

312 3041 314 3044 ¹
366 2968 456 3052 quasi
470 2968 524 3029 hic
539 2967 695 3031 Romanis
712 2967 795 3030 orbis
810 2990 875 3030 non
891 2970 1058 3045 sufficeret,
1076 2970 1211 3033 alterum
1227 2971 1395 3054 cogitauit.
1420 2974 1518 3037 classe

364 3074 464 3156 igitur
478 3082 650 3156 conparata
663 3072 867 3136 Britanniam
882 3073 997 3136 transit
1017 3074 1098 3136 mira
1120 3076 1280 3139 celeritate
1288 3101 1298 3152 ;
1329 3078 1450 3161 quippe
1466 3078 1518 3161 qui

367 3179 460 3242 tertia
472 3179 584 3261 uigilia
592 3201 665 3241 cum
673 3178 874 3242 Morinorum
885 3178 1031 3242 soluisset
1043 3202 1062 3241 a
1072 3191 1178 3262 portu,
1194 3180 1302 3244 minus
1311 3205 1411 3265 quam
1416 3183 1519 3247 medio

367 3276 419 3347 die
434 3284 574 3348 insulam
590 3284 750 3365 ingressus
766 3292 824 3345 est.
849 3284 945 3366 plena
965 3295 1056 3346 erant
1071 3286 1213 3347 tumultu
1227 3285 1351 3349 hostica
1366 3289 1475 3366 litora,
1489 3300 1518 3353 et
1532 3298 1557 3349 25

366 3389 559 3472 trepidantia
574 3389 614 3452 ad
630 3398 836 3472 conspectum
850 3388 895 3451 rei
909 3411 1013 3452 nouae
1028 3400 1178 3473 carpenta
1193 3391 1386 3455 uolitabant.
1412 3394 1518 3478 itaque

365 3494 535 3577 trepidatio
549 3516 606 3577 pro
621 3494 756 3558 uictoria
771 3493 843 3557 suit.
880 3516 968 3556 arma
990 3504 1022 3556 et
1043 3495 1168 3558 obsides
1192 3497 1314 3580 accepit
1338 3520 1358 3560 a
1373 3502 1516 3583 trepidis,

365 3610 399 3666 et
420 3601 553 3666 ulterius
575 3599 669 3676 isset,
697 3599 761 3663 nisi
785 3599 953 3685 inprobam
978 3601 1113 3664 classem
1137 3602 1306 3685 naufragio
1331 3604 1517 3688 castigasset

366 3810 378 3859 1
393 3806 459 3857 haec
472 3806 550 3859 auide
563 3806 764 3860 incursionibus
775 3818 799 3861 N
810 3805 820 3876 1
833 3804 1054 3875 2quaerebantur
1065 3815 1084 3857 Β
1097 3804 1106 3874 11
1120 3821 1187 3874 quae
1200 3813 1258 3858 erat
1267 3804 1367 3874 serapti
1372 3827 1382 3857 .·
1396 3816 1478 3877 quaet
1489 3821 1514 3873 Β,

366 3907 434 3959 quae
446 3902 471 3941 N
481 3890 490 3960 11
503 3890 625 3943 ariobisti
641 3904 661 3943 Β
673 3892 682 3962 11
696 3892 740 3945 cui
759 3910 801 3944 om
813 3904 838 3943 N
848 3891 856 3961 11
870 3894 884 3942 3
899 3898 927 3951 et
938 3910 980 3942 om
991 3903 1015 3943 N
1027 3890 1035 3960 11
1049 3898 1090 3943 est
1102 3898 1192 3942 autem
1205 3882 1295 3943 caesar
1305 3903 1332 3944 N
1342 3892 1351 3961 11
1366 3896 1381 3943 5
1394 3910 1516 3945 romanos

364 3987 389 4028 N
400 3973 409 4042 11
423 3978 438 4025 6
451 3974 478 4026 in
492 3993 533 4026 om
544 3987 564 4027 Β
577 3975 585 4044 11
600 3979 614 4025 7
634 3985 709 4029 erant
726 3976 827 4028 maiora
838 3988 863 4028 N
873 3975 882 4046 11
895 3979 911 4028 9
929 3976 1015 4027 maius
1031 3988 1056 4028 N
1074 3976 1082 4044 11
1102 3983 1165 4045 pote
1183 3982 1224 4027 est
1239 3988 1259 4027 Β
1271 3977 1281 4046 11
1303 3980 1331 4029 11
1354 3977 1455 4046 gladiis
1472 3978 1513 4046 Ν1

364 4054 480 4115 itedrum
491 4071 510 4113 Β
523 4060 532 4129 11
548 4061 578 4110 12
591 4060 694 4127 genteri
706 4071 733 4123 Β,
749 4062 849 4113 centeri
860 4073 886 4113 N
896 4062 905 4131 11
921 4064 951 4111 13
963 4060 1104 4113 musellam
1115 4072 1143 4123 Β,
1157 4060 1303 4113 massiliam
1314 4074 1341 4114 N
1351 4062 1359 4131 11
1374 4062 1516 4133 Hercyniis

364 4145 415 4197 edd
425 4149 495 4196 cett:
517 4143 642 4213 hyrcanis
658 4156 703 4195 ΒΝ
713 4144 721 4212 11
738 4148 767 4194 14
787 4146 893 4213 paludis
910 4156 929 4196 Β
942 4143 951 4212 11
965 4162 1050 4212 genus
1068 4161 1147 4196 omne
1164 4156 1189 4196 N
1200 4144 1209 4214 11
1224 4149 1254 4197 15
1268 4146 1359 4199 subita
1379 4147 1516 4218 Wakefiel-

364 4229 423 4280 dius
436 4228 472 4279 od
482 4227 604 4279 Lucretii
614 4239 652 4291 ΙΙ,
666 4230 716 4281 363
727 4248 734 4279 r
754 4229 843 4280 subito
861 4241 905 4281 ΒΝ
916 4229 924 4298 11
940 4231 971 4280 16
990 4228 1126 4281 etiterum
1138 4240 1163 4280 N
1174 4228 1182 4298 11
1198 4233 1227 4280 17
1242 4229 1290 4282 sed
1302 4230 1389 4283 maior
1399 4243 1431 4283 N.
1452 4232 1515 4299 'for-

366 4318 434 4365 tasse
446 4321 505 4366 tum
517 4312 602 4365 maior
615 4312 624 4383 11
639 4316 670 4365 19
683 4313 731 4366 sed
743 4313 816 4382 quod
827 4325 852 4366 N
863 4314 871 4383 11
884 4313 1087 4366 aceruissimum
1098 4325 1118 4366 Β
1130 4312 1139 4382 11
1153 4316 1182 4365 21
1198 4314 1319 4384 marique
1332 4316 1418 4385 captis
1430 4333 1514 4385 respe

364 4397 405 4451 xit
416 4409 441 4449 N
451 4397 461 4468 11
474 4405 516 4451 set
534 4397 611 4466 quasi
623 4397 666 4468 Ν1
680 4401 712 4449 22
725 4413 852 4450 romanus
869 4397 913 4471 Ν11
926 4398 1040 4450 alterum
1052 4416 1094 4449 om
1104 4410 1124 4450 Β
1137 4398 1146 4467 11
1159 4401 1192 4449 23
1210 4387 1380 4451 bretanniam
1398 4414 1418 4454 Β
1430 4401 1439 4470 11
1452 4400 1513 4452 brit-

363 4481 464 4533 taniam
477 4481 547 4551 petit
556 4482 584 4535 in
597 4483 753 4537 brittaniam
765 4482 862 4534 transit
872 4495 897 4535 N
907 4482 916 4553 11
929 4486 963 4534 24
976 4500 1037 4534 cum
1049 4482 1219 4535 Morinorum
1232 4483 1358 4536 sciuisset
1369 4484 1510 4537 Halmius:

365 4566 673 4622 commorinosmouisset
682 4582 711 4633 Β,
725 4565 956 4620 marinosoluisset
966 4578 991 4618 N
1002 4565 1010 4635 11
1024 4569 1057 4618 25
1069 4566 1174 4619 hostica
1184 4566 1392 4621 Malamantos:
1410 4568 1509 4621 hostico

365 4648 412 4709 ΒΝ,
426 4648 551 4702 hostilico
562 4664 582 4704 Β
594 4651 603 4719 11
617 4655 649 4705 26
662 4660 689 4706 et
701 4655 874 4719 conspectum
887 4662 905 4701 Β
919 4650 927 4718 11
