3809 5534
710 592 861 638 nrrrorrr
878 593 918 651 11,
935 586 1046 636 31-33
1065 574 1148 660 [1111,
1166 576 1225 662 12].
1493 578 1550 640 121

425 781 592 846 ΧΧΧΙΙΙ.
617 771 804 846 BELLVM
819 781 909 845 CAN
912 781 1149 846 TABRICVM
1165 782 1223 845 ΕΤ
1237 782 1515 848 AS'l'VRICVM.

407 983 462 1047 sub
477 1004 596 1047 occasu
610 993 725 1067 pacata
739 994 807 1048 erat
821 983 887 1047 fere
902 981 1007 1046 omnis
1024 982 1187 1066 Hispania
1200 982 1264 1047 nisi
1280 1004 1377 1067 quarn
1394 984 1551 1067 Pyrenaei

407 1087 575 1154 desinentis
592 1089 730 1173 seopulis
746 1090 969 1154 inhaerentem
984 1089 1111 1153 citerior
1133 1089 1284 1153 adluebat
1305 1090 1466 1155 Oceanus,
1498 1089 1552 1153 hic
1575 1145 1577 1150 .

406 1196 475 1259 duae
490 1194 712 1260 ualidissimae
726 1206 851 1281 gentes,
870 1195 1024 1261 Cantabri
1039 1206 1071 1259 et
1086 1197 1233 1271 Astures,
1250 1194 1411 1261 immunes
1426 1196 1552 1280 imperii

380 1312 390 1361 5
404 1302 575 1387 agitabant.
601 1303 836 1367 Cantabrorum
851 1313 883 1367 et
898 1301 985 1386 prior
999 1312 1032 1365 et
1054 1301 1155 1366 acrior
1176 1313 1208 1366 et
1228 1301 1330 1386 magis
1351 1303 1501 1387 pertinax
1516 1303 1552 1366 in

402 1410 578 1473 rebellando
594 1408 720 1474 animus
735 1409 810 1486 fuit,
828 1408 883 1492 qui
898 1430 964 1472 non
980 1408 1124 1473 contenti
1139 1408 1320 1472 libertatem
1335 1430 1427 1471 suam
1441 1410 1550 1472 defen-

402 1515 465 1577 dere
491 1514 648 1597 proximis
679 1514 777 1579 etiam
812 1515 995 1600 imperitare
1026 1516 1228 1598 temptabant
1262 1516 1487 1598 Vaccaeosque
1517 1526 1550 1578 et
1591 1557 1595 1563 -

401 1620 573 1705 Turmogos
589 1632 622 1685 et
637 1621 832 1705 Autrigonas
848 1621 964 1685 crebris
979 1620 1216 1685 incursionibus
1231 1621 1421 1705 sagitabunt.
1439 1620 1475 1683 in
1489 1621 1549 1684 hos

400 1725 502 1809 igitur,
521 1727 599 1810 quia
613 1727 838 1792 uehementius
854 1750 947 1812 agere
962 1728 1215 1805 nuntiabantur,
1240 1750 1306 1792 non
1322 1737 1370 1790 est
1386 1726 1549 1811 expeditio

366 1834 559 1910 remandata,
577 1836 633 1897 sed
648 1844 787 1918 sumpta.
806 1834 874 1918 ipse
885 1834 979 1897 uenit
991 1834 1202 1917 Segisamam,
1220 1845 1323 1898 castra
1337 1834 1457 1919 posuit,
1474 1835 1550 1899 inde

398 1939 553 2023 tripertito
569 1940 712 2004 exercitu
728 1952 830 2005 totam
845 1940 1053 2005 Cantabriam
1077 1942 1243 2023 amplexus
1269 1942 1399 2006 efferam
1418 1952 1550 2025 gentem

398 2046 456 2109 ritu
478 2047 620 2110 ferarum
646 2046 738 2129 quasi
760 2049 898 2130 quadam
920 2049 1054 2131 cogebat
1075 2046 1239 2130 indagine.
1275 2069 1335 2111 nec
1356 2050 1396 2111 ab
1419 2048 1549 2112 Oceano

397 2152 494 2235 quies,
513 2175 587 2216 cum
602 2152 720 2216 infesta
735 2154 834 2217 classe
848 2153 919 2236 ipsa
934 2174 1060 2237 quoque
1072 2164 1162 2236 terga
1172 2151 1315 2216 hostium
1327 2156 1546 2217 caederentur.

396 2259 533 2341 primum
550 2261 703 2323 aduersus
719 2259 895 2323 Cantabros
911 2261 971 2323 sub
986 2259 1154 2323 moenibus
1169 2258 1326 2343 Bergidae
1342 2260 1544 2343 proeliatum.

362 2370 382 2422 15
397 2364 468 2429 hine
498 2364 609 2428 statim
631 2364 709 2448 fuga
732 2364 765 2427 in
789 2365 1081 2429 eminentissimum
1102 2366 1261 2432 Vindium
1290 2376 1452 2443 montem,
1485 2390 1548 2451 quo

394 2472 491 2535 maria
505 2470 596 2554 prius
612 2470 734 2533 Oceani
749 2493 846 2554 quam
861 2493 949 2535 arma
970 2473 1119 2534 Romana
1134 2495 1304 2536 ascensura
1319 2495 1386 2536 esse
1409 2474 1548 2538 credide·

394 2588 473 2641 rant.
512 2576 606 2641 tertio
627 2576 811 2640 Aracelium
833 2578 988 2662 oppidum
1008 2600 1128 2662 magna
1150 2578 1184 2641 ui
1206 2588 1364 2662 repugnat
1375 2602 1385 2653 ς
1417 2589 1548 2663 captum

394 2694 501 2748 tamen
523 2694 684 2766 postremo
704 2684 766 2748 fuit
792 2684 930 2747 Medulli
954 2684 1074 2748 montis
1101 2684 1242 2760 obsidio,
1272 2707 1367 2768 quem
1394 2697 1549 2768 perpetua

395 2792 552 2855 decernet
567 2800 639 2854 octo
659 2790 786 2854 milium
805 2791 891 2854 fossa
913 2790 1169 2875 conprehensum
1191 2791 1334 2875 undique
1357 2791 1454 2856 simul
1475 2796 1547 2858 ade-

356 2899 379 2953 10
394 2898 637 2961 unte'Romano
658 2909 826 2980 postquam
844 2906 987 2960 extrema
1000 2897 1126 2961 barbari
1146 2898 1279 2975 uident,
1305 2898 1451 2964 certatim
1473 2900 1548 2985 igne

392 3005 471 3068 ferro
488 3024 696 3086 uenenoque,
723 3005 808 3086 quod
828 3002 875 3065 ibi
895 3003 992 3087 uolgo
1014 3015 1108 3068 taxeo
1130 3004 1337 3087 exprimitur,
1360 3028 1548 3090 praecepere

392 3121 544 3186 mortem,
568 3131 664 3192 seque
679 3132 752 3193 pars
767 3109 869 3172 maior
884 3132 903 3173 a
918 3109 1126 3193 captiuitate,
1150 3132 1231 3193 quae
1246 3119 1348 3173 morte
1363 3112 1492 3194 grauior
1507 3114 1548 3176 ad

392 3215 423 3278 id
438 3227 566 3300 tempus
581 3216 747 3280 indomitis
763 3216 950 3291 uidebatur,
968 3215 1227 3280 uindicauerunt.
1259 3218 1338 3280 haec
1359 3239 1416 3301 per
1435 3220 1546 3284 Antis-

394 3322 476 3386 tium
491 3323 713 3405 Furniumque
734 3324 857 3405 legatos
878 3332 910 3385 et
925 3322 1103 3406 Agrippam
1117 3324 1291 3388 hibemans
1307 3324 1341 3386 in
1358 3325 1547 3390 Tarraconis

348 3427 375 3485 25
393 3428 562 3493 maritimis
578 3430 695 3493 Caesar
711 3428 843 3512 accepit.
862 3452 938 3491 mox
954 3428 1022 3513 ipse
1037 3453 1187 3512 praesens
1202 3432 1261 3495 hos
1277 3429 1414 3494 deduxit
1428 3428 1545 3490 monti-

396 3653 405 3701 1
421 3665 538 3706 snnnvu
564 3664 767 3705 clurrnmcvu
792 3665 827 3705 nr
844 3664 1004 3705 servarem
1030 3669 1072 3704 om
1092 3664 1118 3705 N
1134 3652 1143 3724 11
1163 3656 1178 3704 2
1196 3652 1251 3706 fere
1271 3659 1329 3705 erat
1346 3664 1372 3704 N
1387 3653 1396 3722 11
1415 3648 1548 3721 hyspania

391 3749 411 3789 13
424 3738 432 3808 11
447 3743 462 3791 3
475 3738 634 3792 abluebatB
647 3738 656 3807 11
669 3743 683 3791 5
697 3738 777 3791 altior
788 3749 813 3789 N
824 3737 832 3807 11
851 3742 867 3788 6
887 3737 1038 3791 continenti
1054 3749 1080 3790 N
1090 3738 1098 3807 11
1112 3742 1126 3789 Ί
1148 3756 1298 3809 uaceosque
1315 3751 1334 3793 Β
1347 3739 1356 3808 11
1370 3742 1385 3791 8
1404 3752 1549 3805 curmogos

393 3835 418 3876 N
428 3824 437 3894 11
450 3824 607 3894 aurigantes
627 3836 661 3888 Β,
681 3823 826 3893 aurigonas
841 3835 866 3875 N
878 3823 886 3891 11
908 3826 923 3875 9
943 3840 997 3892 qua
1013 3835 1032 3878 Β
1052 3822 1060 3893 11
1079 3823 1257 3879 nuntiabatur
1274 3837 1294 3878 Β
1312 3825 1321 3895 11
1341 3843 1397 3878 non
1421 3822 1550 3876 mandata

392 3908 531 3978 expeditio
544 3908 592 3961 sed
604 3916 712 3979 sumpta
728 3915 770 3960 est
788 3919 812 3960 N
830 3907 839 3977 11
859 3909 890 3961 10
909 3908 1083 3977 segissamam
1100 3918 1214 3964 cestram
1231 3911 1338 3981 possuit
1348 3923 1372 3965 N
1384 3910 1393 3981 11
1405 3910 1470 3964 inde
1489 3926 1550 3978 per·

392 3994 444 4047 tito
456 4006 481 4045 N
492 3994 500 4065 11
516 3997 544 4047 11
560 4001 645 4048 totam
657 3993 758 4048 indiem
770 3993 910 4063 amplexus
929 3996 1094 4048 cantabriam
1113 4008 1139 4048 N
1149 3996 1158 4066 11
1173 4000 1203 4048 12
1223 3998 1299 4067 quasi
1318 3996 1447 4067 indagine
1465 3994 1549 4046 bella·

392 4079 440 4132 bat
465 4091 490 4132 N
505 4080 514 4150 11
535 4083 564 4131 13
585 4079 670 4132 inlata
693 4091 718 4132 N
734 4080 742 4150 11
763 4083 793 4131 14
817 4079 939 4150 belgicae
963 4092 988 4133 N
1004 4082 1013 4152 11
1038 4081 1185 4151 proeliatus
1208 4082 1297 4153 Ν1115
1323 4083 1414 4137 statim
1431 4098 1473 4131 om
1490 4079 1536 4149 Ν11

394 4164 486 4217 uisniu
505 4166 532 4229 b,
553 4163 702 4218 uimiuium
720 4178 753 4229 Β,
773 4164 897 4218 uinnium
915 4178 941 4219 N
956 4167 965 4237 11
985 4167 1151 4237 11115Ν1116
1171 4168 1321 4221 crediderat
1338 4168 1428 4235 Ν1117
1448 4161 1547 4215 aracel-

392 4249 449 4302 lum
460 4263 489 4313 Β,
504 4249 644 4303 aracillum
654 4262 680 4303 N
690 4250 698 4321 11
712 4257 853 4321 oppugnat
870 4263 889 4303 Β
902 4253 910 4321 11
926 4254 957 4303 19
975 4266 1014 4304 xv
1031 4264 1057 4305 N
1067 4251 1076 4323 11
1090 4253 1305 4323 conprehensum
1324 4252 1410 4305 cinxit
1427 4249 1548 4318 undique

390 4347 416 4388 N
426 4335 435 4404 11
449 4338 479 4387 21
495 4334 565 4387 ferro
578 4334 649 4388 inter
661 4336 754 4406 epulas
766 4354 925 4407 uenenoque
945 4349 971 4390 N
980 4338 989 4407 11
1003 4338 1088 4407 uulgo
1107 4351 1126 4390 Β
1139 4340 1147 4408 11
1161 4346 1241 4391 taxeo
1260 4337 1420 4406 exprimitur
1436 4334 1548 4403 scripsi:

392 4438 427 4473 ex
439 4420 581 4473 arboribus
594 4428 674 4473 taxeo
687 4421 880 4490 exprimiturs,
896 4440 930 4475 ex
942 4422 1084 4475 arboribus
1096 4423 1183 4477 taxeis
1195 4422 1355 4493 exprimitur
1366 4435 1391 4475 N
1402 4423 1410 4492 11
1424 4437 1548 4490 praecoe-

390 4525 455 4577 pere
467 4520 495 4571 B,
511 4507 664 4576 praecipere
675 4520 700 4560 N
711 4508 719 4577 11
734 4512 766 4560 22
778 4507 864 4578 magis
877 4521 895 4561 Β
908 4507 916 4578 11
930 4526 946 4561 a
958 4527 1000 4560 om
1018 4521 1037 4561 Β
1057 4509 1065 4577 11
1084 4526 1165 4579 quarn
1183 4522 1202 4561 Β
1222 4509 1230 4577 11
1248 4515 1335 4560 morte
1355 4537 1385 4548 —
1406 4505 1548 4559 indomitis

390 4612 433 4645 om
444 4605 469 4645 N
481 4593 490 4663 11
504 4596 535 4645 23
550 4592 744 4646 uenundarunt
754 4606 774 4645 Β
787 4593 795 4662 11
809 4594 941 4646 antatium
953 4607 973 4647 Β
986 4595 994 4664 11
1008 4598 1039 4646 2-1
1053 4594 1213 4664 firmumque
1224 4607 1259 4659 Β,
1282 4594 1388 4647 firmum
1406 4603 1431 4645 N
1442 4592 1451 4661 11
1464 4600 1492 4645 et
1504 4612 1547 4645 om

383 4692 409 4733 N
421 4679 430 4749 11
444 4679 588 4733 terratoriis
600 4692 629 4744 Β,
644 4679 811 4733 tarraclronis
825 4693 850 4733 N
861 4681 869 4752 11
883 4685 914 4733 25
929 4698 992 4733 mox
1005 4699 1046 4732 om
1059 4692 1081 4732 N
1094 4681 1103 4750 11
