3809 5534
362 594 402 655 84
854 611 924 653 reni
940 610 1037 653 suoru

362 762 468 825 statio.
493 783 565 824 ecee
580 760 786 835 Ocriculum,
804 782 876 823 ecce
898 761 1136 835 Grumentum,
1161 780 1233 821 ecce
1248 758 1427 832 Faesulae,
1450 777 1520 818 ecce

362 868 503 932 Carseoli
519 866 673 930 Aesernia
683 865 824 929 Nuceria
838 860 987 930 Picentia
1001 866 1131 950 penitus
1153 865 1235 928 ferro
1250 875 1283 927 et
1297 865 1375 948 igne
1390 873 1520 925 uastan-

362 987 425 1037 tur.
450 975 541 1037 fusae
557 972 664 1035 Rutili
680 972 801 1054 copiae,
819 974 908 1036 fusae
925 972 1109 1055 Caepionis.
1135 993 1212 1033 nam
1232 971 1302 1054 ipse
1318 969 1426 1034 Iulius
1443 969 1520 1032 an-

361 1103 413 1144 sar
428 1079 569 1142 exercitu
585 1078 701 1141 amisso
717 1101 792 1140 cum
807 1078 841 1140 in
856 1080 969 1142 urbem
985 1089 1137 1141 cruentus
1152 1079 1322 1140 referretur
1344 1072 1519 1138 miserabili

361 1188 493 1262 funere,
518 1184 657 1248 mediam
677 1184 836 1266 peruiam
859 1186 986 1248 defecit.
1028 1186 1084 1248 sed
1105 1205 1224 1267 magna
1243 1182 1358 1266 populi
1382 1178 1522 1244 Romani
1541 1192 1565 1240 Ξ

361 1292 509 1368 fortuna,
527 1303 559 1354 ct
574 1314 697 1373 semper
713 1291 747 1351 in
762 1291 855 1353 malis
870 1292 990 1368 maior,
1017 1291 1092 1354 totis
1114 1292 1222 1354 denuo
1244 1288 1369 1352 uiribus
1392 1301 1521 1350 consur·

361 1399 461 1473 rexit3
488 1398 691 1482 adgressique
707 1398 851 1480 singulos
867 1399 1003 1480 populos
1020 1399 1101 1461 Cato
1117 1394 1250 1460 discutit
1265 1396 1440 1468 Etruscos,
1457 1394 1521 1455 Ga·

360 1504 470 1567 binius
487 1506 624 1580 Marsos
642 1505 746 1567 Carbo
762 1506 922 1579 Lucanos,
941 1503 1033 1566 Sulla
1049 1502 1210 1566 Samnites
1219 1525 1228 1576 ;
1255 1500 1432 1583 Pompeius
1448 1519 1521 1560 uero

363 1611 479 1674 Strabo
495 1612 604 1674 omnia
618 1610 756 1672 fiammis
772 1609 918 1692 ferroque
940 1609 1114 1692 populatus
1136 1630 1202 1671 non
1224 1606 1313 1690 prius
1337 1608 1438 1669 finem
1454 1626 1521 1667 cae-

363 1716 453 1779 dium
468 1717 561 1792 fecit,
580 1739 675 1799 quam
691 1715 804 1778 Asculi
820 1715 986 1779 euersione
1002 1715 1150 1778 manibus
1167 1724 1214 1777 tot
1229 1712 1433 1778 exercituum
1448 1732 1519 1773 con·

362 1824 470 1886 sulum
486 1822 745 1905 direptarumque
761 1822 890 1884 urbium
906 1822 955 1885 dis
976 1821 1134 1884 litaretur.

685 2046 765 2109 VII.
790 2046 975 2108 BELINM
993 2044 1198 2109 SERVILE.

243 2251 297 2307 111,
315 2232 353 2293 19
366 2233 545 2316 Hucusque
562 2233 621 2295 etsi
636 2255 711 2295 cum
726 2231 819 2295 sociis
836 2270 877 2278 —
892 2233 982 2294 nefas
995 2269 1035 2279 -
1048 2254 1123 2295 cum
1137 2232 1246 2296 liberis
1262 2243 1372 2295 tamen
1389 2241 1422 2292 et
1436 2228 1522 2310 inge-

361 2338 436 2400 nuis
452 2338 640 2401 dimicatum
656 2350 723 2401 est:
751 2338 822 2421 quis
845 2360 945 2421 aequo
962 2338 1070 2402 animo
1092 2339 1173 2402 ferat
1194 2339 1229 2401 in
1244 2335 1392 2420 principe
1407 2333 1522 2418 populo

360 2444 447 2507 bella
469 2444 655 2507 seruorum?
685 2444 826 2526 primum
849 2444 964 2507 seruile
991 2446 1116 2509 bellum
1144 2446 1228 2508 inter
1249 2442 1345 2506 initia
1367 2438 1521 2505 libertatis
1547 2446 1565 2495 ¹·

362 2550 529 2613 Herdonio
545 2552 627 2613 duce
643 2550 763 2613 Sabino
778 2550 813 2612 in
828 2550 898 2633 ipsa
920 2552 999 2613 urbe
1023 2562 1216 2635 temptatum
1240 2561 1308 2625 est,
1337 2570 1415 2611 cum
1435 2567 1521 2611 occu-

362 2668 438 2739 pata
454 2656 634 2719 tribuniciis
650 2657 861 2720 seditionibus
877 2656 1010 2721 ciuitate
1026 2658 1224 2741 Capitolium
1246 2657 1415 2718 obsessum
1430 2665 1520 2717 estet

364 2784 383 2823 a
398 2764 529 2825 consule
545 2751 728 2844 receptum;
754 2763 877 2826 sedhic
901 2764 1061 2828 tumultus
1076 2763 1179 2847 magis
1195 2763 1258 2826 fuit
1274 2785 1373 2846 quam
1388 2761 1517 2824 bellum.

363 2889 441 2929 mox
455 2868 590 2950 imperio
604 2890 659 2949 per
675 2869 802 2931 diuersa
817 2879 973 2931 terrarum
989 2880 1164 2953 occupato,
1190 2869 1260 2952 quis
1284 2870 1430 2931 crederet
1447 2863 1520 2929 Sici·

364 2973 443 3035 liam
458 2975 561 3036 multo
577 2974 741 3037 cruentius
758 2973 868 3037 seruili
890 2996 987 3056 quam
1004 2976 1129 3039 Punico
1151 2976 1237 3038 bello
1259 2996 1328 3037 esse
1343 2968 1519 3036 uastataml
1533 2976 1554 3026 11

365 3090 449 3141 terra
463 3080 594 3163 frugum
609 3080 696 3142 ferax
719 3090 751 3142 et
773 3082 912 3164 quodam
934 3082 1030 3142 modo
1054 3084 1239 3145 suburbana
1262 3078 1433 3164 prouincia
1454 3074 1519 3139 lati·

366 3185 487 3248 fundiis
503 3185 624 3248 ciuium
640 3188 861 3250 Romanorum
882 3189 1063 3250 tenebatur.
1097 3188 1150 3250 hio
1176 3189 1217 3249 ad
1238 3187 1365 3248 cultum
1381 3183 1452 3267 agri
1465 3182 1519 3243 frc-

368 3290 499 3373 quentia
514 3292 675 3373 ergastula
686 3293 888 3378 catenatique
904 3296 1043 3359 cultores
1053 3293 1222 3357 materiam
1235 3292 1321 3355 bello
1338 3292 1518 3373 praebuere.

368 3398 467 3481 Syrus
491 3397 622 3480 quidam
641 3397 772 3461 nomine
795 3401 909 3463 Eunus
927 3439 963 3451 -
989 3400 1179 3484 magnitudo
1201 3397 1342 3461 cladium
1369 3396 1466 3471 facit,
1489 3403 1521 3456 ut

367 3504 608 3568 meminerimus
626 3544 661 3552 „-
683 3505 822 3569 sanatico
837 3508 942 3570 furore
966 3507 1118 3569 simulato
1139 3507 1217 3569 dum
1241 3502 1352 3587 Syriae
1376 3504 1456 3566 deae
1477 3524 1522 3564 co·
1536 3506 1557 3556 25

371 3765 380 3811 1
399 3770 598 3813 crumentumB
618 3761 626 3830 11
645 3761 767 3831 pessulae
785 3775 804 3815 Β
824 3764 832 3833 11
851 3771 879 3816 et
897 3762 1009 3817 carseoli
1028 3776 1063 3827 Β,
1083 3780 1143 3815 ecce
1162 3760 1277 3833 parseoli
1298 3771 1323 3812 N
1340 3760 1350 3831 1
1370 3754 1525 3813 anaema

369 3844 479 3912 serpsi:
498 3852 616 3897 reserata
626 3858 653 3909 Β,
668 3856 769 3899 reserat
780 3860 805 3900 N
815 3848 824 3916 11
838 3847 960 3901 Picentia
980 3850 1088 3920 penitus
1106 3847 1263 3918 Hauptius:
1281 3841 1524 3915 picentimoenibus

369 3942 396 3993 Β,
412 3928 530 3998 picentia
542 3929 669 3982 caedibus
681 3943 704 3983 N
716 3932 725 4001 11
740 3935 754 3982 3
771 3932 869 3985 rutilae
886 3945 905 3984 Β
919 3934 927 4003 11
942 3934 1063 4004 capionis
1080 3947 1099 3986 Β
1117 3933 1127 4003 1
1147 3934 1220 3986 illius
1238 3948 1329 3985 caesar
1349 3944 1386 3995 Β,
1407 3926 1525 3983 Rutilius

370 4014 466 4068 consul
477 4013 677 4066 Freinshemius
691 4015 699 4084 11
712 4018 941 4071 lammissocuru
955 4020 963 4089 11
976 4020 1138 4072 eferreturN
1149 4019 1158 4089 11
1171 4016 1317 4071 miserabili
1330 4015 1385 4069 fine
1404 4012 1502 4068 Titzius
1514 4009 1522 4080 1

370 4104 385 4152 5
397 4099 515 4151 mediam
527 4099 696 4168 perscripsi:
715 4102 831 4154 mediam
843 4103 937 4156 urbem
950 4122 998 4173 per
1009 4117 1052 4156 ΒΝ
1064 4104 1073 4172 11
1093 4104 1193 4157 defecit
1215 4102 1332 4155 Titas'as:
1351 4101 1420 4155 fecit
1437 4111 1480 4154 ΒΝ
1490 4098 1498 4167 Ι1
1510 4100 1524 4149 6

369 4195 411 4240 est
422 4197 441 4236 Β
454 4185 463 4253 11
477 4185 510 4238 de
529 4202 578 4237 suo
590 4196 614 4236 N
626 4184 634 4252 11
654 4184 801 4239 insurrexit
816 4201 840 4240 N
852 4189 860 4258 11
882 4193 895 4239 t
915 4190 1017 4259 singuli
1033 4203 1059 4242 N
1069 4190 1078 4259 11
1097 4198 1229 4242 ettruscos
1245 4201 1265 4240 Β
1283 4186 1292 4256 11
1312 4186 1444 4256 gauinius
1455 4184 1523 4254 Ν18

368 4272 437 4342 sylla
447 4282 491 4323 ΒΝ
502 4271 511 4340 11
525 4273 540 4322 9
554 4268 645 4321 strabo
659 4287 724 4321 uero
743 4274 883 4342 pompeius
895 4287 921 4327 N
932 4273 940 4343 11
960 4273 1051 4325 strabo
1069 4293 1111 4325 om
1130 4286 1148 4325 Β
1167 4273 1175 4342 11
1197 4276 1227 4325 10
1246 4271 1311 4325 lecit
1329 4290 1373 4324 om
1384 4284 1411 4324 N
1422 4273 1431 4342 11
1449 4284 1526 4340 quam

367 4357 418 4408 hac
431 4355 572 4408 euersione
584 4368 603 4407 Β
616 4355 625 4425 11
642 4358 672 4407 13
686 4355 826 4426 hucusque
838 4358 950 4427 serpsi.-
970 4368 1117 4428 utcumque
1135 4370 1166 4422 N,
1185 4357 1214 4410 id
1233 4356 1469 4427 qualitercumque
1485 4352 1523 4420 Β1

369 4457 430 4494 eum
442 4458 484 4492 om
496 4453 515 4495 Β
528 4441 537 4511 11
550 4440 685 4495 libertisB
699 4442 707 4512 11
725 4445 753 4493 1-1
767 4441 888 4512 principe
901 4444 1024 4513 gentium
1038 4443 1139 4513 populo
1152 4456 1178 4496 N
1188 4444 1196 4512 11
1212 4446 1243 4494 15
1261 4442 1334 4494 inter
1355 4440 1437 4494 initia
1453 4438 1527 4492 liber-

369 4523 433 4576 tatis
445 4525 557 4593 scripsi:
571 4526 599 4578 in
611 4528 687 4579 italia
699 4526 806 4590 urbisB,
820 4526 891 4580 inter
903 4528 982 4582 initia
995 4528 1068 4582 urbis
1079 4541 1104 4580 N
1115 4530 1123 4598 1
1140 4526 1279 4580 lssSabino
1291 4526 1395 4579 duceN
1406 4526 1415 4596 11
1431 4527 1525 4591 lsscap-

369 4615 428 4662 tum
439 4621 464 4661 N
474 4612 483 4678 11
497 4614 524 4661 21
543 4618 640 4663 terram
651 4625 670 4664 Β
684 4612 692 4680 11
706 4610 755 4663 lati
767 4611 859 4666 fundis
870 4627 898 4678 Β,
913 4616 968 4667 lato
980 4613 1072 4667 fundis
1084 4624 1109 4665 N
1119 4613 1128 4681 11
1142 4615 1173 4664 22
1191 4623 1365 4663 romanorum
1384 4610 1525 4663 latinorum

369 4692 513 4747 tenebatur
524 4706 546 4744 N
560 4695 568 4763 11
582 4703 609 4747 at
623 4697 637 4746 b
651 4698 659 4765 11
674 4700 706 4749 24
720 4697 789 4749 sirus
801 4710 820 4749 Β
834 4698 842 4769 1
857 4716 940 4752 conus
954 4712 972 4751 Β
986 4700 995 4770 1
1009 4697 1130 4768 gladium
1141 4709 1184 4751 BN
1195 4697 1205 4767 11
1218 4704 1245 4751 et
1256 4708 1276 4749 Β
1288 4696 1298 4766 1
1312 4700 1343 4749 25
1357 4694 1438 4748 siriae
1451 4706 1475 4747 N
1486 4693 1495 4763 1
