3809 5534
367 575 409 636 66
825 597 828 602 ·
856 594 923 637 ivm
939 594 1036 638 raoni

368 743 477 825 itaque
492 763 666 806 conuersus
688 743 730 804 ad
749 743 911 823 proximas
932 755 1045 827 gentes
1067 754 1173 806 totum
1191 765 1294 826 paene
1315 742 1475 806 orientem
1490 765 1524 805 ac

367 847 619 930 septentrionem
633 846 728 909 ruina
742 870 800 912 sua
815 848 966 912 inuoluit.
985 849 1102 912 Hiberi
1113 849 1223 932 Caspii
1234 848 1355 911 Albani
1370 858 1404 910 et
1419 859 1523 910 utrae·

367 976 429 1036 que
444 953 659 1018 sollicitantur
672 953 864 1029 Armeniae,
889 976 946 1036 per
968 977 1050 1037 quae
1073 955 1182 1018 omnia
1196 956 1292 1019 decus
1308 964 1341 1016 et
1355 976 1478 1016 nomen
1492 965 1523 1016 et

368 1058 479 1122 titulos
494 1058 614 1141 gloriae
637 1058 791 1141 Pompeio
812 1080 871 1121 suo
894 1060 1039 1124 Fortuna
1059 1060 1241 1142 quaerebat.
1272 1059 1329 1141 qui
1351 1059 1411 1121 ubi
1431 1058 1523 1123 nouis

366 1163 507 1227 motibus
535 1165 644 1228 ardere
672 1163 784 1239 Asiam
811 1164 902 1227 uidet
931 1165 1073 1247 aliosque
1102 1187 1143 1228 ex
1169 1164 1241 1227 aliis
1269 1164 1399 1246 prodire
1422 1186 1521 1246 reges,

366 1269 451 1331 nihil
466 1270 684 1332 cunctandum
698 1279 798 1345 ratus,
816 1269 1007 1352 priusquam
1021 1270 1106 1333 inter
1120 1293 1154 1334 se
1168 1270 1317 1353 gentium
1331 1271 1448 1333 robora
1463 1270 1522 1333 coi-

365 1384 449 1449 rent,
467 1374 577 1437 statim
591 1384 689 1457 ponte
704 1374 842 1438 nauibus
857 1376 942 1439 facto
958 1375 1104 1439 omnium
1118 1385 1194 1438 ante
1210 1398 1243 1439 se
1258 1375 1382 1457 primus
1397 1375 1523 1438 transiit

365 1480 553 1562 Euphraten
560 1481 914 1563 regemquefugientem
925 1482 1032 1544 media
1041 1492 1180 1544 nanctus
1188 1480 1522 1563 Armenia-quanta

364 1585 501 1649 felicitas
517 1584 596 1647 uiri!
615 1622 656 1632 -
671 1607 737 1649 uno
752 1584 872 1667 proelio
887 1586 1035 1649 confecit.
1061 1596 1219 1649 nocturna
1234 1608 1272 1648 ea
1283 1585 1450 1649 dimicatio
1465 1586 1522 1648 fuit

364 1702 396 1753 et
411 1693 506 1753 Luna
520 1690 555 1753 in
569 1690 725 1772 partibus.
753 1690 870 1772 quippe
885 1690 1100 1754 commilitans
1122 1690 1213 1773 quasi
1233 1693 1294 1753 dea
1308 1713 1385 1754 cum
1401 1713 1421 1753 a
1436 1702 1521 1774 tergo

364 1818 398 1858 se
414 1795 580 1868 hostibus,
603 1816 623 1855 a
636 1793 717 1856 facie
740 1795 897 1858 Romanis
918 1796 1138 1878 praebuisset,
1163 1795 1291 1860 Pontici
1312 1818 1370 1879 per
1386 1818 1521 1860 errorem

363 1900 493 1982 longius
509 1898 652 1961 cadentis
675 1899 803 1962 umbras
825 1922 899 1963 suas
920 1900 1011 1982 quasi
1033 1901 1177 1964 hostium
1199 1924 1331 1983 corpora
1351 1904 1516 1983 petebant.

364 2016 397 2067 et
412 2004 619 2068 Mithridates
634 2004 764 2086 quidem
779 2017 872 2068 nocte
888 2005 945 2069 illa
960 2006 1138 2068 debellatus
1155 2017 1214 2069 est.
1239 2007 1324 2069 nihil
1345 2006 1434 2069 enim
1452 2028 1521 2088 pos-

363 2120 416 2172 tea
431 2108 553 2183 ualuit,
578 2130 773 2191 quamquam
794 2110 903 2173 omnia
924 2121 1075 2193 expertus
1090 2132 1178 2174 more
1194 2112 1370 2194 anguium,
1395 2112 1452 2194 qui
1467 2133 1518 2193 op·

363 2215 438 2278 trito
454 2214 558 2296 capite
573 2224 770 2296 postremum
792 2216 894 2276 cauda
915 2213 1092 2277 minantur.
1117 2216 1236 2299 quippe
1258 2240 1334 2280 cum
1354 2217 1518 2299 effugisset

363 2319 489 2381 hostem
505 2318 635 2381 Colchis
652 2330 763 2394 tenus,
786 2318 918 2401 iungere
929 2323 1108 2402 Bosporon,
1125 2320 1201 2384 inde
1215 2342 1272 2403 per
1287 2322 1437 2384 Thracen
1452 2324 1520 2384 Ma·

363 2424 593 2505 cedoniamque
616 2434 648 2485 et
670 2423 839 2488 Graeciam
860 2424 1040 2501 transilire,
1065 2425 1111 2488 sic
1134 2426 1266 2489 Italiam
1287 2448 1347 2488 nec
1370 2427 1518 2509 opinatus

362 2529 516 2591 inuadere
533 2539 660 2590 tantum
676 2526 841 2611 cogitauit.
867 2531 923 2591 sed
937 2529 1117 2592 defectione
1138 2530 1262 2593 ciuium
1277 2530 1518 2614 Pharnacisque

362 2634 422 2697 filii
449 2635 565 2697 scelere
591 2645 784 2715 praeuentus
800 2634 883 2697 male
906 2645 1099 2716 temptatum
1121 2656 1246 2698 ueneno
1269 2635 1422 2718 spiritum
1443 2638 1521 2699 ferro

363 2740 499 2824 expulit.
1535 2752 1541 2799 2

449 2845 562 2907 Gneus
578 2842 707 2905 interim
722 2844 862 2924 Magnus
878 2843 1005 2906 rebellis
1020 2844 1116 2906 Asiae
1138 2844 1289 2927 reliquias
1311 2866 1450 2928 sequens
1465 2869 1519 2930 per

364 2949 490 3012 diuersa
505 2947 652 3029 gentium
668 2958 884 3029 terrarumque
899 2947 1067 3011 uolitabat.
1093 2970 1170 3011 nam
1184 2952 1244 3013 sub
1260 2950 1419 3015 orientem
1434 2975 1518 3015 secu·

363 3067 416 3117 tus
431 3051 618 3127 Armenios,
636 3062 747 3134 captae
769 3052 875 3134 gentis
897 3063 1048 3136 satrapen
1070 3055 1248 3136 supplicem
1268 3056 1364 3120 iussit
1387 3080 1520 3141 regnare

364 3160 538 3243 Tigranen.
565 3168 598 3220 at
620 3157 654 3219 in
678 3156 894 3239 septentrione
914 3158 1103 3241 Scythicum
1122 3160 1184 3223 iter
1206 3171 1374 3243 tamquam
1389 3162 1425 3224 in
1439 3153 1519 3225 mari

364 3265 465 3328 stellis
482 3273 609 3327 secutus
626 3261 763 3326 Colchos
779 3263 911 3338 cecidit,
928 3263 1056 3345 ignouit
1071 3264 1245 3341 Hiberiae,
1262 3267 1408 3349 pepercit
1422 3269 1517 3331 Alba-
1537 3281 1541 3327 τ

364 3369 425 3432 nis.
451 3390 558 3451 regem
573 3367 767 3431 Colchorum
782 3368 942 3443 Orhozen,
959 3368 1072 3450 positis
1091 3371 1150 3432 sub
1165 3370 1236 3453 ipso
1248 3372 1396 3436 Caucaso
1411 3374 1519 3437 castris

363 3476 457 3540 iussit
473 3475 508 3536 in
523 3474 621 3555 plana
636 3473 839 3548 descendere,
856 3485 889 3536 at
904 3474 1088 3550 Arthocen,
1107 3476 1163 3557 qui
1179 3477 1313 3541 Hiberis
1328 3478 1517 3560 imperabat,

364 3582 489 3646 obsides
510 3580 625 3642 liberos
650 3581 741 3654 dare3
767 3579 912 3642 Horolen
935 3580 1035 3643 etiam
1056 3582 1240 3645 munerauit
1263 3583 1351 3647 ultro
1366 3585 1408 3646 ab
1424 3585 1518 3646 Alba·

367 3873 376 3919 1
394 3886 479 3938 poene
491 3881 510 3921 Β
524 3869 532 3937 ΗΗ
547 3869 829 3937 3armoeniaeperq.B
842 3868 851 3938 ΗΗ
864 3868 1009 3922 ltitulusB
1022 3872 1030 3940 ΗΗ
1044 3871 1145 3940 gloriae
1154 3885 1227 3924 omN
1237 3873 1246 3943 ΗΗ
1258 3872 1365 3925 nobisB
1378 3871 1387 3942 ΗΗ
1403 3872 1519 3925 ltransit

364 3965 389 4007 N
400 3954 408 4022 ΗΗ
423 3956 437 4004 8
451 3952 580 4004 eufratem
591 3964 619 4015 Β,
635 3954 757 4004 eufraten
768 3964 792 4005 N
804 3953 812 4021 Η
828 3957 859 4005 10
873 3954 1052 4008 commilitans
1065 3974 1126 4008 cum
1138 3957 1215 4025 quasi
1233 3958 1284 4011 dea
1294 3969 1329 4020 Β,
1351 3957 1432 4026 quasi
1450 3973 1519 4011 com-

365 4037 483 4090 militans
502 4053 562 4088 cum
584 4036 635 4105 (om
654 4037 713 4106 dea)
731 4047 758 4087 N
767 4035 776 4106 ΗΗ
792 4040 823 4090 14
841 4038 929 4091 ualuit
947 4057 989 4090 om
1011 4052 1032 4091 Β
1045 4039 1054 4109 ΗΗ
1067 4040 1168 4094 obtrito
1183 4053 1208 4093 Ν
1224 4041 1234 4111 Η
1249 4045 1280 4093 15
1305 4049 1445 4112 postremo
1467 4054 1486 4095 Β
1503 4043 1517 4093 1

364 4140 446 4177 manu
460 4122 468 4191 ΗΗ
484 4124 515 4173 16
526 4122 632 4174 hostem
646 4121 754 4176 colchos
767 4121 868 4174 siciliae
881 4141 990 4193 quoque
1009 4124 1090 4178 litora
1107 4132 1136 4177 et
1154 4126 1321 4195 campaniam
1340 4134 1463 4180 nostram
1475 4144 1517 4179 su-

365 4207 421 4262 bito
434 4207 555 4260 aduentu
566 4212 665 4257 terrere
678 4205 767 4257 uoluit
779 4206 816 4260 sic
829 4207 926 4259 felixN
935 4210 992 4277 cfp
1003 4213 1045 4273 64,
1054 4212 1192 4274 25et68‚5
1207 4209 1216 4278 ΗΗ
1229 4210 1386 4278 bosphoron
1394 4224 1414 4263 Β
1427 4212 1435 4281 Η
1449 4212 1518 4263 thra-

364 4290 431 4343 ciam
450 4303 475 4343 Ν
486 4291 494 4361 ΗΗ
511 4293 540 4341 17
561 4307 613 4359 que
626 4307 667 4341 om
676 4301 701 4341 N
712 4289 720 4358 ΗΗ
737 4292 766 4341 16
780 4291 912 4360 cogitauit
922 4310 971 4361 per
984 4293 1161 4346 defectionem
1173 4306 1199 4347 Ν
1209 4295 1217 4364 ΗΗ
1231 4297 1263 4348 22
1276 4313 1350 4348 nunc
1363 4297 1417 4349 sub
1429 4308 1454 4349 N
1464 4296 1473 4366 Η
1485 4297 1515 4347 23

365 4376 515 4430 armoenios
527 4388 545 4427 Β
559 4376 567 4445 ΗΗ
581 4375 666 4444 captis
678 4374 707 4426 in
719 4374 778 4443 ipso
792 4377 878 4447 eapite
891 4378 980 4447 gentis
992 4378 1122 4432 artaxatis
1133 4378 1282 4448 supplicem
1292 4391 1319 4432 N
1330 4380 1339 4449 Η
1352 4383 1385 4432 23
1396 4388 1517 4449 atrapens

363 4472 381 4510 Β
394 4460 403 4530 ΗΗ
424 4465 455 4514 21
475 4461 511 4514 ad
522 4473 541 4514 Β
559 4462 568 4531 ΗΗ
588 4459 798 4530 septentrionem
810 4474 835 4513 N
845 4462 853 4530 ΗΗ
867 4458 1019 4533 scythio'um
1030 4474 1058 4525 Β,
1082 4462 1213 4532 scyticum
1225 4474 1248 4515 N
1265 4463 1274 4534 ΗΗ
1296 4466 1328 4517 26
1348 4465 1452 4517 oroden
1470 4462 1513 4529 ΝΗ

363 4560 472 4597 causaso
484 4557 509 4597 N
520 4545 528 4614 ΗΗ
542 4548 573 4596 27
593 4546 627 4598 ad
644 4544 773 4597 arthocen
790 4559 823 4610 Β,
844 4546 878 4599 ad
888 4557 997 4602 artocen
1008 4546 1054 4616 ΝΗ
1067 4549 1099 4600 28
1117 4554 1146 4600 et
1164 4547 1271 4602 obsides
1288 4560 1346 4614 ΒΝ,
1366 4556 1395 4603 et
1411 4546 1512 4615 dekail

362 4626 464 4679 oroden
474 4640 501 4680 N
511 4629 520 4698 ΗΗ
533 4619 715 4682 lemuneratus
728 4637 769 4682 est
780 4643 805 4682 N
816 4632 824 4700 ΗΗ
