3809 5534
855 403 1003 446 armona
1022 404 1045 456 1,
1065 395 1089 444 1.
1533 389 1552 449 7

363 552 438 636 Igis
453 572 555 635 quam
570 552 683 614 urbem
697 549 830 614 fecerat:
849 552 973 615 incolae
984 555 1126 615 deerant.
1150 562 1218 615 erat
1229 552 1264 615 in
1275 553 1420 636 proximo
1434 554 1547 630 luous;

389 659 478 721 hune
493 657 621 742 asylum
635 655 730 733 facit,
753 667 786 719 et
808 658 918 721 statim
938 657 1019 720 mira
1034 656 1085 720 uis
1100 656 1287 722 hominum:
1312 658 1420 722 Latini
1436 660 1549 725 Tusci-

390 785 451 847 que
466 773 623 847 pastores,
642 763 774 846 quidam
786 762 883 826 etiam
896 762 1113 838 transmarini,
1128 763 1271 847 Phryges
1283 764 1340 846 qui
1352 767 1412 827 sub
1425 768 1546 840 Aenea,

391 870 532 940 Arcades
547 869 605 952 qui
624 869 684 933 sub
700 869 853 932 Euandro
876 870 958 932 duee
980 868 1187 932 influxerant.
1221 868 1268 931 ita
1289 891 1328 931 ex
1344 870 1441 933 uariis
1457 873 1549 954 quasi

367 973 559 1038 aelementis
586 974 796 1058 congregauit
822 996 936 1058 corpus
963 967 1083 1049 urbm,
1118 973 1338 1057 populumque
1364 976 1549 1038 Romanum

392 1080 459 1163 ipse
474 1079 552 1144 feeit
567 1101 633 1142 rex.
657 1091 724 1143 erat
738 1079 837 1143 unius
853 1080 968 1144 aetatis
983 1079 1123 1164 populus
1138 1079 1291 1144 uirorum.
1316 1080 1425 1162 itaque
1440 1081 1548 1144 matri·

391 1184 501 1248 monia
521 1206 541 1247 a
561 1185 708 1248 finitimis
729 1185 831 1269 petita
860 1186 935 1268 quia
960 1208 1028 1249 non
1049 1185 1311 1269 inpetrabantur,
1334 1207 1434 1248 manu
1456 1197 1550 1270 capta

394 1302 481 1355 sunt.
501 1291 661 1354 simulatis
675 1290 795 1373 quippe
810 1291 896 1354 ludis
912 1291 1113 1375 equestribus
1129 1290 1289 1373 uirgines,
1307 1311 1389 1373 quae
1405 1293 1445 1354 ad
1461 1313 1549 1375 spee-

393 1397 538 1460 taeulum
551 1406 718 1470 uenerant,
734 1397 871 1478 praedae
885 1396 985 1459 fuere.
1003 1397 1129 1460 ethaeo
1145 1396 1254 1460 statim
1268 1417 1365 1459 eausa
1378 1397 1546 1460 bellorum.
1571 1442 1576 1456 .

354 1515 378 1564 0
394 1502 481 1586 pulsi
495 1501 672 1584 ·fl1gatique
696 1500 859 1566 Veientes.
892 1501 1145 1565 Caeninensium
1166 1512 1297 1585 captum
1323 1524 1360 1566 ao
1388 1502 1550 1585 direptum

395 1618 442 1671 est
457 1607 624 1691 oppidum.
650 1605 752 1690 spolia
766 1605 899 1691 insuper
914 1599 1022 1690 opima
1036 1607 1076 1668 de
1090 1628 1165 1690 rege
1179 1608 1308 1690 Agrone
1320 1606 1460 1669 Feretrio
1479 1606 1549 1669 loui

395 1713 544 1777 manibus
565 1710 631 1774 suis
652 1732 709 1774 rex
729 1711 915 1794 reportauit.
942 1712 1072 1776 Sabinis
1090 1712 1234 1797 proditae
1250 1722 1361 1795 portae
1381 1709 1549 1794 pmirgi-

394 1839 470 1882 nem
482 1815 652 1900 Tarpeiam
662 1817 804 1880 nomine.
819 1817 927 1880 dolose
938 1818 1049 1901 puella
1060 1817 1199 1901 pretium
1206 1818 1341 1900 reiquae
1348 1818 1502 1900 gerebant
1516 1816 1550 1879 in

397 1922 535 1988 sinistris
550 1921 728 2006 petiuerat,
746 1922 1016 2005 dubium.elipeos
1032 1944 1073 1984 an
1090 1921 1249 1994 armillas3
1268 1922 1338 1996 illi,
1355 1933 1393 1984 ut
1408 1933 1440 1984 et
1454 1923 1551 1985 fidem

352 2039 380 2089 5
396 2029 558 2093 soluerent
580 2039 612 2090 et
638 2027 886 2103 ulciscerentur,
916 2027 1027 2110 clipeis
1049 2028 1192 2090 obruere.
1222 2028 1269 2089 ita
1294 2026 1441 2091 admissis
1467 2027 1552 2089 intra

395 2132 524 2199 moenia
537 2132 696 2208 hostibus,
713 2143 804 2195 atrox
819 2132 854 2194 in
869 2132 939 2215 ipso
954 2132 1022 2196 foro
1036 2153 1159 2215 pugna,
1177 2132 1255 2194 adeo
1270 2143 1309 2194 ut
1324 2132 1484 2194 Romulus
1501 2134 1551 2194 lo-

397 2260 471 2302 uem
491 2248 613 2313 oraret,
641 2238 766 2301 foedam
792 2258 925 2300 suorum
946 2236 1058 2319 fugam
1079 2236 1222 2312 sisteret;
1246 2237 1322 2300 hinc
1344 2237 1500 2320 templum
1521 2249 1553 2299 et

398 2346 506 2409 Stator
521 2342 678 2427 Iuppiter.
693 2344 824 2405 tandem
838 2341 1020 2405 furentibus
1033 2341 1234 2405 interuenere
1248 2355 1358 2426 raptae
1373 2342 1486 2404 laceris
1501 2364 1552 2405 eo-

398 2450 468 2514 mis.
499 2448 545 2512 sio
565 2470 630 2532 pax
651 2448 736 2539 faeta
756 2470 831 2510 eum
846 2447 941 2510 Tatio
957 2448 1132 2530 foedusque
1146 2469 1353 2530 percussum,
1381 2456 1553 2528 secutaque

346 2559 381 2616 ²0
396 2577 443 2619 res
458 2554 541 2618 mira
555 2554 663 2629 dictu,
690 2564 727 2615 ut
747 2552 867 2615 relictis
883 2544 1013 2616 sedibus
1029 2552 1096 2614 suis
1117 2573 1236 2615 nouam
1258 2552 1293 2614 in
1314 2552 1426 2614 urbem
1445 2552 1554 2614 hostes

396 2661 612 2745 demigrarent
626 2669 748 2721 etcum
761 2657 887 2740 generis
910 2657 977 2721 suis
993 2657 1098 2721 auitas
1120 2680 1196 2741 opes
1217 2680 1274 2741 pro
1295 2659 1369 2721 dote
1384 2656 1551 2721 sociarent.

398 2748 500 2830 suetis
512 2765 605 2828 breui
619 2764 755 2839 uiribus,
772 2764 861 2825 hunc
875 2784 931 2825 rex
943 2762 1198 2846 sapientissimus
1211 2773 1331 2826 statum
1345 2763 1392 2827 rei
1406 2764 1555 2848 publicae

397 2870 557 2955 inposuit:
576 2869 730 2933 iuuentus
745 2868 852 2931 diuisa
865 2889 922 2951 per
937 2868 1040 2931 tribus
1056 2869 1091 2932 in
1106 2869 1196 2951 equis
1219 2880 1251 2932 et
1273 2868 1369 2932 armis
1392 2872 1434 2933 ad
1448 2870 1556 2933 subita

397 2976 475 3039 belli
490 2976 682 3049 excubaret,
706 2973 878 3037 consilium
900 2973 947 3035 rei
969 2972 1117 3055 publicae
1138 2995 1236 3057 penes
1258 2996 1350 3037 senes
1373 2985 1475 3049 esset,
1500 2975 1555 3059 qui

353 3092 380 3143 25
399 3103 438 3145 ex
460 3080 651 3144 auctoritate
672 3090 798 3163 patres,
822 3080 863 3142 ob
885 3087 1024 3141 aetatem
1045 3079 1175 3143 senatus
1197 3081 1407 3143 uocabantur.
1437 3080 1489 3144 his
1510 3080 1557 3143 ita

398 3186 553 3251 ordinatis
581 3197 732 3269 repente,
765 3205 840 3247 oum
866 3183 1049 3248 contionem
1075 3183 1208 3247 haberet
1235 3195 1310 3248 ante
1336 3186 1448 3248 urbem
1477 3194 1557 3268 aput

398 3294 522 3375 Caprae
536 3291 708 3374 paludem,
734 3300 941 3373 econspectu
957 3275 1084 3370 ablatus
1107 3299 1167 3352 est.
1199 3290 1394 3373 discerptum
1416 3288 1557 3371 aliquia
1608 3280 1611 3287 ’

397 3406 513 3461 senatu
527 3407 646 3481 putant
661 3397 701 3459 ob
717 3395 859 3479 asperius
875 3376 1060 3477 ingenium}
1079 3396 1135 3457 sed
1149 3396 1260 3457 oborta
1275 3404 1447 3477 tempestas
1465 3392 1556 3455 solis-

399 3524 460 3585 que
475 3502 613 3565 defectio
634 3501 881 3565 consecrationis
903 3499 1042 3583 speciem
1062 3500 1245 3582 praebuere.
1278 3498 1330 3561 eui
1353 3519 1429 3560 mox
1450 3496 1557 3561 Iulius

346 3621 378 3670 30
400 3607 556 3671 Proculus
571 3609 669 3670 fidem
683 3607 776 3683 feeit,
794 3606 903 3669 uisum
914 3628 933 3668 a
944 3627 978 3667 se
994 3605 1170 3667 Romulum
1186 3605 1357 3666 adfirmans
1373 3602 1558 3686 augustiore

398 3714 500 3777 forma
536 3734 634 3796 quam
661 3713 791 3786 fuisset3
823 3710 976 3772 mandare
1003 3719 1166 3793 praeterea
1197 3722 1235 3771 ut
1273 3731 1305 3771 se
1333 3731 1390 3793 pro
1424 3709 1558 3772 numine

395 4039 411 4085 3
425 4030 902 4103 frigesNINllbrexllrresffllNll
916 4035 929 4084 'l
944 4030 1094 4100 aemuli)
1114 4038 1195 4082 etom
1212 4044 1224 4083 1
1243 4032 1252 4101 n
1269 4036 1298 4084 10
1312 4025 1431 4084 dirutum
1452 4042 1476 4082 N
1492 4028 1500 4098 ll
1529 4032 1555 4080 ll

400 4135 502 4188 agroue
515 4136 558 4171 om
569 4130 594 4171 N
605 4118 614 4188 ll
624 4117 839 4198 ilreportabitu
852 4117 860 4186 ll
877 4116 1091 4186 l3tarpeiamom
1103 4115 1147 4184 Νη
1160 4116 1279 4170 nomine.
1293 4115 1385 4169 dolose
1397 4113 1559 4185 puellaserr‘-

397 4202 460 4271 psi:
473 4220 529 4256 non
543 4202 606 4256 dolo
614 4202 662 4256 sed
673 4202 763 4272 puella
773 4215 814 4267 Nl,
829 4218 878 4254 nee
891 4200 968 4254 dolos
980 4201 1028 4254 sed
1040 4200 1129 4272 puella
1140 4211 1165 4251 N
1175 4198 1184 4268 ll
1200 4203 1229 4251 14
1244 4200 1376 4270 petierant
1387 4210 1412 4250 N
1423 4198 1431 4267 ll
1447 4201 1476 4250 15
1490 4206 1518 4250 et
1529 4205 1560 4250 ut

401 4287 427 4351 b,
440 4287 527 4340 utulel
538 4300 558 4340 Β
575 4287 584 4355 l
600 4291 628 4340 ll
642 4286 706 4340 hino
717 4299 766 4340 NI:
780 4286 824 4340 hie
837 4286 878 4339 bN
888 4285 896 4356 ll
912 4287 942 4337 18
956 4284 1108 4338 furentibus
1119 4297 1154 4337 B:
1168 4284 1307 4338 funeribus
1318 4295 1346 4347 1,
1361 4282 1526 4340 sevientibus
1538 4294 1563 4334 N
1644 4292 1654 4310 ‘

405 4372 415 4441 ΙΙ
429 4374 459 4423 21
480 4371 579 4426 tabitas
590 4384 611 4424 Β
623 4371 632 4441 ll
646 4375 678 4423 22
690 4371 781 4424 statim
794 4373 809 4423 b
822 4372 831 4441 ll
844 4375 876 4424 23
890 4370 958 4424 etin
970 4369 1050 4423 armis
1061 4381 1086 4421 N
1097 4371 1105 4439 ll
1119 4372 1151 4421 22
1163 4368 1232 4422 bella
1243 4381 1256 4420 1
1275 4368 1283 4436 ll
1303 4370 1334 4419 25
1349 4366 1383 4419 ab
1395 4373 1482 4421 aetate
1495 4368 1525 4419 11’
1538 4368 1547 4437 ll

401 4456 551 4510 uocabatur
563 4457 610 4509 ΒΙΡ
624 4456 632 4525 ll
646 4460 678 4508 26
692 4474 752 4508 euru
764 4464 873 4526 repente
886 4468 910 4507 N
921 4454 929 4522 ll
943 4459 974 4507 27
989 4455 1101 4523 paludes
1114 4467 1127 4506 1
1139 4454 1147 4521 ll
1161 4448 1298 4522 paludemc
1310 4465 1329 4506 Β
1342 4452 1350 4519 ll
1364 4452 1469 4506 albatus
1483 4465 1501 4504 N
1514 4452 1523 4522 ll
