3809 5534
870 601 1067 646 amrelmo.
1357 587 1547 647 xxxvllu.

368 779 442 822 cum
457 754 549 821 bellis
573 752 714 816 maara
736 750 884 816 ciuilibus
907 760 1002 836 amaa
1022 750 1169 815 intestino
1190 752 1275 815 male
1287 773 1404 836 messa
1426 775 1540 818 masas

369 863 416 926 ad
428 859 572 946 reqimea
586 857 762 944 stupratoris
778 855 907 940 imperii
919 855 1035 921 recidit
1048 855 1144 940 quasi
1157 859 1204 921 ad
1214 858 1348 922 alteram
1363 858 1539 945 infantiam

370 965 528 1029 reuoluta.
543 963 664 1054 amissa
677 962 761 1026 caim
772 963 927 1040 lt'bcrtatc,
941 984 1037 1047 quam
1045 962 1150 1027 Bruto
1162 963 1240 1027 duce
1252 971 1283 1026 ct
1292 972 1418 1027 auctore
1430 964 1539 1048 desen·

371 1073 480 1147 derat,
499 1069 545 1134 ita
561 1068 723 1154 consenuit
738 1077 901 1154 tamquam
915 1077 1093 1134 mantare
1111 1090 1145 1131 sa
1164 1066 1236 1152 ι’ρεα
1250 1092 1313 1133 aon
1334 1067 1456 1133 ualeret
1476 1068 1542 1133 nisi

370 1174 566 1240 adminiculo
585 1173 759 1260 repentium
774 1166 957 1238 niteretur'.
996 1184 1255 1259 quantacumque
1275 1174 1373 1237 huius
1388 1174 1539 1239 distribu-

370 1280 487 1359 tionis,
512 1302 610 1364 quam
620 1302 645 1368 ¹a
660 1280 783 1362 Seneca
797 1280 914 1344 factam
929 1279 1119 1344 Lactantius
1134 1281 1248 1356 refert,
1272 1277 1450 1345 similitudo
1465 1303 1539 1344 curn
1618 1324 1620 1334 ·

370 1409 408 1450 ea
423 1396 473 1451 est
488 1384 632 1470 quamin
644 1384 731 1450 Flori
746 1384 827 1449 libro
840 1383 1020 1450 adhibitam
1034 1384 1183 1470 legimus,
1201 1406 1265 1448 non
1277 1407 1406 1470 prorsus
1430 1396 1538 1452 tamen
1567 1427 1573 1442 .

368 1503 541 1575 utramque
555 1490 640 1558 inter
655 1513 688 1554 se
703 1489 884 1573 conspirare
898 1491 1025 1555 monuit
1038 1491 1212 1557 rectissime
1227 1489 1361 1555 Vossius
1384 1493 1424 1555 de
1438 1491 1539 1557 histo-

367 1598 443 1662 n‘cis
459 1599 489 1674 1,
510 1604 561 1673 30,
578 1605 719 1661 ceterum
734 1596 861 1661 leuibus
876 1596 1069 1661 coniecturis
1083 1595 1181 1661 nimis
1195 1597 1377 1681 indulgens.
1404 1606 1440 1659 ut
1455 1597 1539 1660 nihil

369 1705 409 1766 de
425 1724 464 1765 ea
478 1724 511 1763 re
527 1701 652 1779 dicam,
677 1704 760 1787 quod
783 1701 973 1768 Lactantius
993 1704 1033 1768 de
1054 1704 1132 1768 urbe
1152 1703 1258 1766 Roma
1278 1685 1438 1790 loquitur,
1464 1723 1539 1766 eum

368 1808 485 1871 Florus
507 1807 665 1892 populum
687 1809 873 1873 Romanum
897 1812 1053 1893 producat
1074 1848 1113 1857 --
1138 1807 1298 1873 namhoc
1328 1830 1347 1871 a
1370 1808 1539 1872 Lactantio

367 1923 531 1977 mutatum
546 1913 651 1978 uideri
664 1915 767 1998 possit
781 1954 835 1993 —,
853 1937 919 1980 non
933 1915 1028 1978 nouit
1043 1914 1157 1980 florus
1172 1914 1343 1979 discrimen
1358 1911 1458 1993 illud,
1476 1935 1539 1998 quo

328 2073 332 2093 ,
368 2020 493 2084 Seneca
507 2019 678 2100 infantim
693 2043 712 2086 a
726 2021 865 2106 pueritia
886 2020 1038 2105 seiungit.
1072 2031 1143 2085 tum
1167 2043 1244 2085 uero
1271 2021 1393 2084 Seneca
1414 2020 1539 2085 adules-

366 2126 493 2189 centiae
508 2125 682 2190 terminum
697 2148 772 2190 cum
786 2130 851 2191 fine
865 2125 944 2190 belli
960 2125 1078 2191 Punici
1099 2125 1196 2211 primi
1217 2126 1327 2212 ponit,
1351 2127 1466 2192 Florus
1481 2149 1537 2191 au·

368 2243 435 2296 tem
450 2242 526 2296 ante
542 2230 672 2296 initium
687 2231 756 2297 eius
770 2233 859 2297 belli.
883 2231 1056 2298 infantiam
1071 2230 1158 2295 enim
1171 2252 1274 2318 usque
1289 2233 1330 2295 ad
1344 2223 1537 2324 libertatem,

367 2337 622 2402 adulescentiam
637 2361 739 2424 usque
755 2341 796 2403 ad
812 2349 914 2404 totam
930 2337 1063 2404 Italiam
1080 2335 1406 2424 subactamporrigit,
1423 2335 1537 2401 iuden-

368 2454 494 2519 tutcm,
517 2465 615 2528 quam
636 2467 658 2527 p
682 2451 734 2521 56,
753 2451 782 2508 8.
810 2453 860 2523 75,
887 2451 904 2506 9
930 2454 1070 2509 aetatem
1094 2443 1341 2508 transmarinam
1361 2425 1472 2520 uocat,
1491 2433 1538 2506 ¹in

366 2551 529 2615 domando
559 2559 627 2614 toto
656 2561 813 2617 terrarum
833 2553 908 2614 orbe
931 2561 1121 2636 occupatam
1143 2549 1246 2633 ponit.
1285 2531 1423 2640 denique
1453 2535 1548 2638 quod

367 2656 457 2739 apud
471 2655 678 2744 Lactantium
694 2657 799 2721 Roma
813 2657 853 2720 ad
874 2656 1019 2740 regimen
1041 2654 1212 2740 singularis
1234 2654 1361 2738 imperii
1383 2647 1476 2740 quasi
1498 2655 1538 2717 ad

365 2760 502 2824 alteram
516 2760 689 2836 infantiam
704 2761 852 2826 reuoluta
866 2762 1003 2838 dicitur,
1027 2760 1062 2824 id
1083 2782 1160 2825 sane
1180 2783 1246 2824 non
1268 2759 1388 2846 optime
1402 2781 1476 2822 cum
1492 2758 1538 2822 eis

364 2869 503 2950 quadrat
517 2887 598 2951 quas
614 2869 699 2954 apud
713 2866 877 2953 Florump
893 2877 949 2933 105
967 2869 1130 2952 leguntur.
1148 2878 1280 2952 apparet
1294 2865 1394 2950 igitur
1404 2853 1470 2942 eos,
1484 2864 1539 2949 qui
1637 2909 1640 2916 -

364 2993 406 3036 ex
417 2972 480 3035 hoc
495 2972 658 3054 Lactantii
673 2974 742 3054 loco
754 2975 927 3039 effecerunt
944 2973 1129 3059 scriptorem
1140 2974 1298 3058 epitomae
1314 2973 1353 3037 L.
1368 2974 1540 3036 Annaeum

365 3078 523 3142 Senecam
535 3077 646 3154 fuisso,
663 3100 729 3142 non
741 3078 982 3156 satisaccurate
997 3101 1064 3142 rem
1081 3090 1246 3156 tractasse,
1263 3077 1450 3164 praesertim
1464 3099 1540 3141 curn

364 3184 458 3249 nulla
471 3207 506 3248 rc
522 3183 674 3268 explicari
685 3186 797 3268 possit,
815 3188 902 3249 unde
915 3186 1046 3249 tandem
1058 3183 1146 3248 Flori
1156 3205 1274 3248 nomen
1287 3181 1422 3248 uenerit.
1441 3205 1482 3267 qu
1487 3204 1539 3246 are

365 3289 463 3353 etiam
491 3311 530 3353 ea
555 3289 731 3374 concidunt
757 3312 839 3374 quae
865 3290 941 3354 huic
972 3290 1174 3355 coniecturae
1201 3279 1422 3378 superstructa
1445 3295 1535 3364 sunt,

364 3396 460 3479 quale
476 3406 525 3460 est
539 3398 626 3480 quod
647 3399 688 3460 ab
709 3397 845 3460 Annaeo
867 3397 962 3459 Floro
985 3396 1157 3461 Octauiam
1183 3395 1333 3481 scriptam
1355 3379 1423 3462 esse
1439 3375 1537 3477 ‘puta'-

363 3512 441 3565 runt
456 3502 500 3568 G.
518 3503 547 3566 Ι.
567 3501 701 3568 Vossius
717 3512 813 3586 atque
829 3501 1010 3566 Withofius
1026 3501 1281 3566 coniecturarum
1296 3502 1386 3586 IIIp
1401 3506 1536 3583 108sqq.

363 3609 420 3670 sed
436 3618 546 3670 tamen
561 3608 602 3672 ad
617 3587 704 3671 Flori
718 3607 887 3691 ingenium
902 3619 988 3672 recte
1008 3608 1244 3672 aestimandum
1264 3606 1441 3690 plurimum
1461 3604 1538 3669 facit

365 3713 451 3795 quod
468 3714 554 3796 apud
569 3714 778 3796 Lactantium
797 3714 946 3798 legimus.
979 3715 1035 3777 ille
1059 3713 1174 3797 igitur,
1198 3710 1254 3797 qui
1276 3710 1360 3776 nihil
1380 3711 1445 3775 fere
1466 3733 1537 3795 pro-

362 3817 470 3901 prium
485 3807 676 3902 habetquod
684 3819 745 3882 sibi
760 3819 820 3883 soli
836 3822 962 3900 debeat,
977 3820 1075 3885 etiam
1088 3817 1174 3882 hanc
1194 3816 1368 3902 imaginem
1383 3841 1403 3882 a
1417 3817 1538 3882 Seneca

362 3932 532 3988 mutuatus
546 3935 596 3987 est
603 3972 614 4002 ,
632 3947 728 4008 quam
743 3926 912 3990 rhetoricis
927 3925 1104 4011 pigmentis
1119 3934 1297 3988 exornaret.
1322 3935 1482 4002 ceterum,
1500 3936 1538 3989 ut

362 4028 423 4092 hoc
438 4030 575 4105 addam,
602 4031 726 4094 Seneca
748 4054 767 4094 a
781 4032 952 4096 Lactantio
967 4041 1234 4096 commemoratus
1248 4040 1339 4117 pater
1353 4030 1538 4115 philosophi

362 4134 510 4219 intellegi
526 4137 632 4212 debet,
649 4158 744 4220 quem
760 4137 908 4202 historias
924 4140 964 4202 ab
987 4138 1080 4202 initio
1095 4138 1254 4202 bellorum
1268 4135 1416 4200 ciuilium
1436 4157 1538 4219 paene

363 4262 465 4325 usque
499 4243 540 4305 ad
574 4242 686 4306 mortis
713 4265 790 4306 suae
816 4243 901 4307 diem
926 4244 1135 4327 perscripssse
1167 4265 1184 4305 e
1216 4243 1395 4326 fragmento
1428 4240 1487 4303 filii
1519 4263 1539 4304 a

363 4346 545 4412 Niebuhrio
574 4349 698 4412 detecto
722 4348 851 4414 scimus.
891 4350 919 4413 is
947 4350 1049 4434 igitur
1068 4371 1143 4412 cum
1169 4359 1368 4413 senectutem
1398 4349 1535 4423 Romae,

364 4476 462 4537 quam
477 4476 496 4518 a
510 4453 604 4518 bellis
626 4454 777 4519 ciuilibus
799 4454 1010 4538 incipientem
1031 4454 1126 4532 feeit,
1155 4451 1394 4537 descripsisset,
1423 4453 1538 4517 Florus

364 4558 538 4626 infantiam
551 4560 805 4626 adulescentiam
818 4561 1027 4625 iuuentutem
1046 4560 1108 4625 sibi
1123 4558 1273 4643 sumpsit.

449 4667 516 4732 Sed
530 4689 603 4736 ecce
618 4668 732 4732 Florus
748 4666 782 4731 in
796 4666 946 4732 manibus
958 4678 1018 4744 est,
1036 4689 1130 4751 aquo
1149 4665 1311 4749 epitomen
1329 4663 1538 4747 perscriptam
