3809 5534
764 606 913 652 arraona
929 605 970 662 rr,
989 598 1020 648 13
1038 585 1120 672 [1111,
1137 585 1179 672 a].
1513 588 1553 651 97

408 759 493 824 iussit
505 757 649 824 absenti.
673 756 835 822 Graecula
848 756 964 820 ciuitas
979 777 1046 819 non
1060 776 1117 838 pro
1131 753 1270 819 mollitia
1282 756 1422 819 nominis
1437 769 1470 820 et
1484 759 1553 821 ual.

407 869 466 930 lum
479 885 633 949 rumpere
646 874 680 928 et
697 863 868 927 incendere
881 861 1049 926 machinas
1064 882 1161 936 ausa,
1178 860 1276 924 etiam
1296 863 1446 945 congredi
1461 864 1552 926 uani-

406 973 457 1035 bus
465 994 475 1047 ;
500 972 561 1035 sed
574 973 718 1045 Brutus,
733 968 787 1032 cui
801 970 992 1032 mandatum
1007 978 1074 1031 erat
1087 967 1227 1042 bellum,
1245 966 1347 1031 uictos
1362 978 1446 1031 terra
1459 969 1553 1032 mari-

407 1099 458 1159 que
472 1075 670 1161 perdomuit.
694 1095 770 1138 mox
790 1073 981 1137 dedentibus
1004 1095 1037 1136 se
1060 1071 1169 1136 omnia
1189 1072 1297 1135 ablata
1317 1085 1553 1156 praeterquam

382 1194 392 1243 t
405 1182 556 1265 potiorem
571 1181 720 1246 omnibus
736 1180 898 1243 habebant
912 1179 1105 1242 libertatem.

480 1290 615 1370 Anceps
630 1286 818 1368 nariumque
834 1286 890 1349 sed
904 1283 1110 1348 incruentum
1123 1285 1158 1347 in
1170 1282 1332 1366 Hispania
1345 1284 1468 1347 bellum
1480 1306 1554 1348 cum

406 1394 514 1479 legatis
530 1392 619 1456 Gnei
640 1390 791 1474 Pompei,
820 1389 949 1452 Petreio
970 1400 1002 1452 et
1025 1389 1180 1465 Afranio,
1208 1410 1288 1471 quos
1309 1389 1434 1452 Ilerdae
1450 1404 1553 1454 castra

404 1500 555 1564 habentes
571 1506 651 1580 aput
666 1495 801 1560 Sicorim
815 1515 943 1558 amnem
955 1494 1097 1559 obsidere
1109 1506 1141 1558 ct
1154 1496 1193 1557 ab
1209 1494 1326 1577 oppido
1339 1494 1553 1558 intercludere

406 1604 596 1690 adgreditur.
619 1601 749 1665 interim
770 1599 945 1663 abundatio
966 1601 1059 1663 uerni
1079 1600 1221 1663 fluminis
1236 1600 1466 1665 commeatibus
1481 1622 1552 1683 pro·

371 1719 391 1772 tt
404 1711 548 1775 bibebat:
574 1708 620 1772 sic
638 1708 722 1770 fame
737 1716 841 1769 castra
857 1713 1013 1787 temptata
1032 1716 1128 1782 sunt,
1152 1707 1357 1788 obsessorque
1376 1705 1446 1788 ipse
1461 1706 1552 1787 quasi

403 1817 615 1881 obsidebatur.
639 1814 695 1876 sed
709 1810 766 1874 ubi
780 1832 844 1895 pax
859 1809 1004 1873 fluminis
1018 1809 1132 1887 rediit,
1148 1810 1410 1895 populationibus
1424 1821 1457 1874 et
1471 1833 1551 1894 pug-

402 1944 457 1986 nae
471 1940 603 2003 campos
619 1917 761 2002 aperuit,
784 1915 901 1979 iterum
921 1916 1012 1978 ferox
1031 1915 1130 1979 instat
1145 1928 1178 1979 et
1192 1920 1340 1981 cedentes
1356 1919 1397 1980 ad
1412 1918 1551 1981 Celtibe-

400 2027 476 2091 riam
499 2034 691 2088 consecutus
714 2043 829 2105 aggere
849 2031 884 2084 et
903 2020 992 2083 uallo
1013 2031 1046 2082 ct
1066 2041 1124 2103 per
1137 2021 1217 2085 haec
1232 2022 1286 2086 siti
1300 2024 1341 2085 ad
1356 2023 1552 2087 deditionem

402 2130 555 2215 conpulit.
583 2129 628 2193 sic
644 2127 770 2192 citerior
783 2125 946 2208 Hispania
959 2136 1087 2209 recepta
1107 2137 1174 2202 est,
1197 2148 1257 2190 nee
1279 2128 1410 2191 ulterior
1429 2149 1552 2191 moram

366 2245 387 2298 lt
401 2237 483 2301 iecit.
510 2234 589 2317 quid
600 2233 687 2297 enim
702 2255 767 2296 una
781 2241 854 2315 post
868 2230 1011 2313 quinque
1025 2230 1184 2314 legionesi
1200 2232 1307 2316 itaque
1319 2233 1404 2296 ultro
1419 2235 1551 2296 cedente

401 2344 541 2408 Varrone
567 2339 675 2404 Gades
701 2337 820 2401 fretum
850 2336 1017 2411 Oceanus,
1053 2335 1161 2399 omnia
1193 2338 1380 2403 felicitatem
1406 2338 1551 2404 Caesaris

399 2448 623 2531 sequebantur.

481 2550 618 2633 Aliquid
632 2560 742 2613 tamen
755 2551 911 2640 aduersus
933 2550 1099 2613 absentem
1113 2553 1228 2616 ducem
1244 2577 1322 2617 ausa
1346 2557 1489 2617 Fortuna
1504 2567 1552 2619 est

397 2659 478 2722 urea
489 2656 655 2740 Illyricam
669 2665 701 2719 et
711 2655 854 2718 Africam
866 2677 967 2731 oram,
985 2657 1076 2738 quasi
1091 2658 1130 2719 de
1145 2658 1304 2723 industria
1318 2681 1466 2743 prospera
1483 2660 1551 2724 cius

360 2761 539 2828 Nedum
554 2760 701 2824 radiaret.
727 2760 846 2844 quippe
869 2783 944 2824 cum
966 2761 1073 2825 fauces
1093 2762 1230 2826 Adriani
1250 2766 1347 2828 maria
1363 2765 1442 2828 iussi
1457 2787 1549 2828 occu·

399 2890 472 2954 pare
493 2866 665 2932 Dolabella
686 2876 718 2930 et
738 2866 919 2942 Antonius,
947 2866 1004 2930 ille
1026 2867 1172 2950 Illyrico,
1200 2869 1253 2932 hic
1275 2870 1436 2934 Curictico
1456 2871 1550 2935 litore

395 2983 506 3039 eastra
519 2972 702 3056 posuissent
723 2972 788 3035 iarn
808 2973 910 3037 maria
930 2971 995 3036 late
1015 2983 1145 3036 tenente
1161 2975 1335 3058 Pompeio,
1359 2987 1490 3060 repente
1505 2977 1549 3040 le·

394 3090 490 3163 gatus
505 3079 575 3142 eius
590 3078 748 3143 Octauius
770 3078 853 3144 Libo
873 3078 1060 3162 ingentibus
1080 3080 1180 3162 copiis
1201 3079 1405 3144 classicorum
1426 3093 1549 3145 utrum·

395 3206 456 3267 que
478 3182 704 3248 circumuenit.
744 3182 940 3247 deditionem
962 3186 1062 3247 sames
1085 3183 1218 3247 extorsit
1238 3186 1392 3249 Antonio.
1431 3186 1548 3252 missae

351 3285 380 3349 25·
395 3299 522 3374 quoque
536 3310 557 3352 a
570 3288 680 3352 Basilo
694 3287 731 3349 in
751 3287 909 3351 auxilium
932 3290 1002 3353 eius
1022 3301 1125 3365 rates,
1151 3291 1261 3372 quales
1281 3290 1391 3375 inopia
1412 3294 1548 3356 nauium

394 3395 549 3471 fecerant,
565 3415 652 3457 noua
666 3393 937 3476 Pompeianorum
951 3405 1019 3458 arte
1034 3394 1174 3459 Cilicum
1189 3396 1268 3459 actis
1290 3399 1351 3460 sub
1366 3398 1447 3459 mari
1461 3398 1546 3459 funi·

346 3566 352 3581 ,
391 3501 452 3565 bus
466 3505 581 3584 captae
595 3499 688 3582 quasi
702 3520 758 3582 per
779 3498 977 3582 indaginem.
1014 3501 1094 3563 duas
1117 3511 1225 3564 tamen
1247 3513 1354 3565 aestus
1377 3502 1542 3583 explicuit.

391 3627 469 3683 una,
487 3627 570 3688 quae
585 3603 793 3687 Opiterginos
809 3606 942 3682 ferebat,
959 3606 995 3668 in
1011 3605 1103 3668 uadis
1118 3605 1223 3668 haesit
1236 3607 1543 3688 memorandumque

391 3711 526 3795 posteris
541 3710 726 3794 exemplum
740 3710 839 3773 dedit.
874 3710 994 3794 quippe
1009 3709 1067 3773 uix
1081 3709 1170 3772 mille
1185 3709 1341 3772 iuuenum
1355 3732 1471 3775 manus
1486 3712 1544 3776 cir·

347 3824 376 3877 tt
392 3815 532 3881 cumfusi
545 3815 689 3898 undique
702 3816 861 3880 exercitus
874 3838 931 3899 per
946 3826 1052 3879 totum
1065 3814 1151 3878 diem
1166 3815 1231 3878 tela
1243 3814 1410 3892 sustinuit,
1427 3828 1545 3882 etcum

394 3986 405 4036 1
419 3984 512 4038 abenti
523 3996 549 4038 N
560 3984 569 4054 1
581 3983 630 4037 sed
642 3983 744 4037 uallum
755 3979 775 4038 N
788 3985 797 4054 11
810 3987 825 4037 2
839 3985 892 4037 iam
902 4001 944 4037 om
957 3996 980 4036 N
992 3985 1001 4053 11
1015 3989 1030 4036 l
1049 4001 1108 4037 sese
1120 3982 1210 4036 ablata
1222 3985 1313 4037 omnia
1323 3998 1348 4037 N
1359 3986 1367 4054 11
1381 3987 1479 4040 abbata
1491 4001 1510 4040 Β
1523 3989 1531 4057 11

392 4071 406 4122 6
418 4077 447 4121 et
457 4075 602 4122 cruentum
612 4079 637 4122 N
648 4066 657 4139 1
670 4073 685 4122 7
699 4069 827 4123 africanio
840 4070 855 4121 b
868 4070 877 4139 11
891 4073 906 4122 8
924 4067 1023 4122 sicorin
1041 4080 1065 4121 N
1077 4069 1086 4138 1
1099 4068 1222 4138 opsidere
1241 4081 1267 4121 Ν
1277 4070 1285 4139 11
1299 4073 1315 4122 9
1334 4070 1502 4124 habundatio
1513 4085 1541 4135 Ν,

392 4152 595 4205 abundantione
612 4164 636 4205 Ν
647 4153 656 4223 11
682 4154 847 4207 comeatibus
870 4167 890 4208 N
902 4155 911 4226 11
929 4154 1055 4225 prohibet
1078 4165 1103 4205 Ν
1120 4153 1129 4223 11
1149 4156 1178 4206 11
1206 4154 1386 4207 obsedebatur
1403 4169 1423 4207 a
1441 4156 1449 4226 11
1473 4157 1545 4209 redit

392 4237 435 4308 Ν1
448 4236 669 4309 pabulationibus
681 4238 789 4307 Lipsius
802 4238 811 4307 1
831 4254 923 4308 pugna
941 4252 960 4292 Β
973 4241 982 4308 11
998 4240 1028 4291 12
1041 4255 1058 4290 a
1074 4250 1094 4291 N
1106 4237 1115 4308 11
1136 4238 1306 4292 celteueriam
1326 4240 1354 4302 b,
1377 4239 1543 4293 celtiueriam

391 4322 431 4393 all
446 4325 479 4375 14
492 4322 609 4375 contulit
620 4335 639 4375 a
651 4322 661 4394 11
676 4327 707 4377 ld
719 4322 826 4376 oceanis
837 4334 857 4375 Ν
870 4323 878 4393 11
895 4326 924 4376 le
938 4323 1074 4394 Illyricam
1091 4322 1249 4392 Haupta'uo:
1273 4322 1384 4375 illirium
1401 4334 1433 4387 N,
1459 4323 1543 4393 illyri-

391 4421 451 4460 cum
464 4418 490 4459 N
500 4405 509 4475 1
522 4406 641 4459 Africam
655 4423 727 4460 oram
739 4406 894 4474 Haupta'us:
913 4407 1023 4460 africam
1035 4407 1151 4461 moranti
1162 4420 1189 4471 B,
1204 4407 1313 4460 africam
1324 4418 1349 4458 N
1359 4408 1368 4476 11
1382 4411 1415 4459 20
1427 4407 1544 4462 radiaret

391 4492 414 4557 b,
427 4492 567 4545 radiarent
577 4504 604 4555 Β,
619 4490 787 4544 radiarentur
798 4503 824 4543 N
833 4492 842 4562 11
855 4492 935 4545 iussit
944 4505 965 4545 N
978 4493 986 4561 11
1000 4496 1029 4545 21
1046 4494 1160 4563 syretico
1172 4506 1192 4544 Ν
1204 4492 1213 4561 11
1226 4496 1259 4544 23
1272 4490 1386 4561 genibus
1399 4491 1509 4561 copiisa
1522 4493 1530 4563 11

391 4578 423 4628 25
436 4593 453 4628 a
465 4575 557 4628 Basilo
569 4575 655 4627 Aldus
665 4596 673 4625 :
692 4576 726 4628 ab
738 4575 804 4627 latio
816 4588 851 4640 Ν,
871 4594 887 4629 a
899 4577 985 4630 blasio
997 4590 1022 4630 N
1033 4578 1041 4646 11
1056 4583 1088 4631 26
1101 4579 1200 4630 fecerat
1211 4589 1236 4629 N
1246 4578 1255 4646 11
1268 4593 1340 4628 mare
1354 4576 1368 4627 b
1382 4576 1391 4646 11
1405 4580 1438 4629 29
1451 4595 1541 4631 exem-

389 4659 465 4728 plum
477 4659 693 4713 Fleimhema'aa:
711 4660 814 4713 exitum
826 4674 864 4713 IN
875 4663 884 4731 11

418 4757 535 4798 raoavs.
1364 4765 1378 4813 7
