3809 5534
699 593 848 639 armona
865 595 890 651 1,
908 586 952 637 39.
971 588 1006 636 so
1023 574 1090 660 [111,
1107 588 1133 636 t.
1152 573 1194 658 t].
1314 598 1318 605 ·
1509 577 1548 637 67

403 744 453 806 nia
467 763 529 807 sua
541 743 662 807 lectum
677 765 809 808 aureum
825 757 857 808 ct
872 745 936 808 alia
950 746 1035 808 dona
1049 744 1242 807 mittentem.
1267 764 1326 808 nec
1347 766 1413 809 non
1435 746 1470 807 in
1485 766 1549 808 me-

404 849 512 913 ridiem
530 871 623 913 uerso
642 850 769 933 agmine
788 849 950 914 Libanum
969 849 1080 934 Syriae
1099 851 1357 933 Damascumque
1376 860 1550 933 transgres-

406 978 451 1019 sus
470 977 529 1039 per
549 977 680 1019 nemora
693 955 750 1018 illa
765 957 912 1032 odorata,
929 977 986 1038 per
999 956 1078 1019 turis
1094 968 1126 1019 et
1139 956 1275 1020 balsami
1290 956 1388 1019 siluas
1402 957 1551 1020 Romana

407 1062 490 1145 signa
505 1061 712 1124 circumtulit.
728 1061 862 1136 Arabes,
879 1061 907 1124 si
922 1062 1000 1145 quid
1015 1063 1196 1145 imperaret,
1214 1072 1339 1145 praesto
1354 1062 1451 1124 fuere.
1470 1062 1550 1124 Hie-

382 1168 557 1252 trosolyma
577 1167 746 1229 defendere
768 1176 966 1249 temptauere
988 1149 1128 1243 Iudaei}
1144 1189 1257 1231 uerum
1278 1168 1357 1229 haec
1379 1188 1504 1249 quoque
1519 1177 1552 1229 et

407 1272 533 1337 intrauit
548 1282 582 1335 et
595 1271 679 1334 uidit
694 1270 776 1335 illud
791 1274 912 1355 grande
928 1271 1046 1355 impiae
1060 1273 1166 1355 gentis
1181 1294 1333 1336 arcanum
1348 1284 1474 1355 patens,
1492 1274 1551 1335 sub

407 1401 492 1442 aurea
513 1377 584 1441 nite
604 1376 726 1440 cillum.
765 1377 1057 1459 dissidentibusque
1084 1380 1124 1440 de
1144 1398 1242 1461 regno
1263 1379 1414 1442 fratribus
1434 1378 1551 1442 arbiter

373 1471 375 1478 ¹
406 1484 500 1547 factus
514 1504 649 1566 regnare
671 1482 764 1546 iussit
784 1484 994 1566 Hyrcanum;
1018 1483 1255 1559 Aristobolum,
1280 1484 1356 1565 quia
1374 1486 1551 1547 renouabat

406 1588 581 1673 inperium,
598 1588 634 1650 in
648 1599 778 1651 catenas
792 1588 891 1650 dedit.
917 1587 963 1651 sic
976 1589 1130 1671 Pompeio
1142 1590 1222 1652 duce
1233 1589 1372 1672 populus
1383 1590 1551 1653 Romanus

372 1703 393 1754 n
406 1704 516 1770 totam,
542 1714 606 1776 qua
627 1693 785 1756 latissima
804 1703 869 1769 est,
889 1692 1002 1756 Asiam
1022 1706 1232 1777 peruagatus,
1256 1715 1353 1777 quam
1375 1705 1551 1757 extremam

406 1797 541 1862 habehat
554 1797 680 1881 imperii
695 1798 895 1881 prouinciam
914 1798 1055 1861 mediam
1069 1800 1156 1863 fecit.
1182 1799 1324 1883 exceptis
1340 1798 1457 1883 quippe
1474 1802 1550 1863 Par·

404 1902 479 1979 this,
505 1902 564 1985 qui
580 1903 690 1967 foedus
704 1904 908 1979 maluerunt,
930 1915 963 1967 et
978 1904 1088 1980 Indis,
1112 1905 1168 1988 qui
1183 1906 1288 1968 adhuc
1303 1926 1362 1968 nos
1377 1927 1437 1968 nec
1452 1926 1550 1968 noue·

404 2018 480 2085 rant,
498 2007 606 2071 omnis
619 2007 698 2071 Asia
717 2008 802 2071 inter
815 2011 947 2072 rubrum
969 2020 1002 2071 ct
1017 2010 1170 2091 Caspium
1185 2021 1218 2072 et
1232 2012 1398 2073 Oceanum
1415 2013 1550 2092 Pompe·

403 2112 478 2177 ianis
494 2111 619 2176 domita
632 2113 686 2175 uel
700 2134 849 2195 oppressa
864 2114 966 2196 signis
981 2115 1160 2177 tenebatur.

368 2340 389 2390 lt
694 2334 768 2395 XL.
794 2333 979 2396 BELLVM
996 2333 1263 2396 PIRATICVM.

402 2518 535 2582 Interim
550 2539 624 2580 cum
639 2518 777 2600 populus
798 2519 966 2582 Romanus
986 2540 1042 2600 per
1064 2518 1191 2583 diuersa
1211 2530 1365 2582 terrarum
1388 2519 1551 2583 districtus
1567 2536 1621 2591 111,
1639 2520 1658 2578 6

401 2635 461 2701 est,
495 2622 615 2687 Cilices
645 2622 831 2686 inuaserant
857 2622 958 2687 maria
986 2623 1183 2705 sublatisque
1211 2624 1426 2699 commerciis,
1455 2636 1550 2707 rupto

401 2728 523 2794 foedere
537 2727 664 2811 generis
678 2727 831 2805 humani,
857 2728 901 2791 sic
923 2728 1025 2790 maria
1043 2728 1129 2791 bello
1144 2728 1235 2809 quasi
1257 2738 1446 2810 tempestate
1461 2751 1550 2812 prae·

401 2834 569 2898 cluserant.
588 2832 755 2897 audaciam
765 2832 897 2915 perditis
909 2832 1099 2915 furiosisque
1111 2833 1288 2896 latronibus
1299 2834 1396 2897 dabat
1407 2833 1552 2917 inquieta

364 2944 387 2997 n
401 2937 627 3003 Mithridaticis
650 2937 778 3020 proeliis
792 2938 890 3014 Asia,
914 2940 993 3001 dum
1008 2939 1068 3002 sub
1089 2938 1187 3001 alieni
1209 2939 1289 3002 belli
1303 2941 1447 3003 tumultu
1463 2951 1550 3003 exta·

401 3044 486 3127 rique
501 3042 587 3126 regis
601 3042 725 3106 inuidia
739 3042 872 3126 impunc
892 3054 1086 3126 grassantia.
1113 3066 1149 3105 ac
1164 3042 1304 3126 primum
1325 3046 1406 3108 duce
1427 3045 1552 3109 Isidoro

400 3148 541 3213 contenti
555 3148 701 3231 proximo
715 3148 796 3211 mari
811 3150 940 3214 Cretam
956 3149 1040 3213 inter
1054 3150 1158 3232 adque
1179 3150 1321 3231 Cyrenas
1342 3160 1375 3212 et
1394 3150 1552 3213 Achaiam

400 3253 567 3337 sinumque
582 3254 740 3329 Maleum,
758 3256 843 3336 quod
859 3256 899 3317 ab
915 3254 1024 3337 spoliis
1040 3276 1173 3318 aureum
1187 3253 1249 3336 ipsi
1264 3276 1437 3330 uocauere,
1454 3255 1550 3319 latro·

400 3359 599 3423 cinabantur.
630 3358 808 3441 missusque
823 3358 857 3421 in
878 3381 931 3423 eos
955 3358 1091 3423 Publius
1113 3360 1269 3423 Seruilius
1292 3359 1439 3441 quamuis
1463 3360 1550 3423 leues

364 3467 386 3519 ²5
402 3474 431 3527 et
452 3465 584 3547 fugaces
609 3485 819 3546 myoparonas
845 3463 937 3547 graui
963 3476 996 3527 et
1022 3464 1141 3528 Martia
1166 3466 1266 3527 classe
1294 3466 1400 3526 turbat
1425 3476 1458 3527 et
1483 3486 1550 3527 non

400 3567 565 3632 incruenta
578 3569 713 3632 uictoria
728 3579 865 3651 superat.
892 3571 947 3633 sed
962 3592 1022 3633 nec
1037 3569 1118 3632 mari
1140 3567 1349 3631 summouisse
1365 3578 1548 3643 contentus,

400 3674 614 3739 ualidissimas
625 3676 719 3737 urbes
734 3696 843 3737 eorum
858 3686 890 3737 et
904 3673 1031 3738 diutina
1045 3675 1162 3757 praeda
1185 3673 1404 3748 abundantes,
1429 3673 1549 3737 Phase·
1586 3759 1588 3763 .

400 3777 443 3842 lin
457 3791 490 3844 et
505 3780 668 3864 Olympon
683 3778 799 3843 euertit
820 3781 1011 3862 Isaurosque
1033 3779 1136 3862 ipsam
1157 3799 1261 3840 arcem
1282 3776 1433 3853 Ciliciae,
1461 3780 1549 3842 unde

402 4050 414 4100 1
426 4047 560 4103 lectulum
570 4064 665 4101 aarum
676 4058 702 4101 Ν
712 4047 721 4117 ll
734 4064 789 4101 ron
802 4054 829 4101 et
840 4048 869 4101 in
881 4060 906 4101 Ν
916 4047 925 4118 ss
939 4051 955 4100 2
967 4048 1091 4101 hacmine
1103 4060 1122 4100 Β
1134 4048 1143 4118 l
1157 4047 1235 4101 siriae
1252 4060 1273 4101 Β
1285 4046 1294 4117 l
1307 4051 1322 4098 4
1343 4048 1403 4117 quit
1420 4061 1453 4112 Β,
1474 4049 1548 4117 quod

399 4133 439 4204 Nu
451 4132 634 4187 ierosolimam
645 4144 674 4197 Β,
688 4132 893 4201 hierosolymam
905 4145 930 4185 Ν
940 4132 949 4202 ΙΙ
963 4137 979 4186 6
991 4133 1137 4186 archanum
1148 4146 1168 4187 Β
1180 4134 1189 4204 ΙΙ
1203 4137 1217 4185 Ί
1231 4150 1312 4187 aurea
1328 4133 1402 4185 uitae
1412 4144 1445 4195 Β,
1466 4148 1552 4184 aureo

401 4217 438 4271 uti
448 4230 475 4272 Ν
485 4218 496 4289 ΙΙ
508 4216 602 4271 cillum
614 4216 710 4285 scripsi
718 4217 759 4269 La
769 4217 808 4269 Μ
806 4217 914 4287 waram
925 4223 1046 4271 serame:
1066 4218 1171 4293 caelum
1181 4230 1213 4282 Β,
1229 4219 1302 4272 caelo
1313 4230 1340 4271 Ν
1349 4219 1358 4287 ll
1371 4220 1386 4269 8
1406 4217 1546 4269 hncanum

397 4302 437 4372 ΒΗ
450 4300 602 4356 aristobolo
613 4300 657 4371 Nil
670 4300 820 4355 rennuebat
836 4319 895 4355 eam
912 4320 970 4355 rem
982 4310 1089 4355 catenas
1101 4314 1127 4356 tt
1137 4303 1146 4373 Η
1161 4308 1191 4357 10
1204 4309 1263 4356 tota
1273 4315 1293 4357 Β
1305 4303 1314 4372 l
1327 4302 1383 4355 asia
1399 4313 1419 4353 Β
1438 4302 1447 4371 ΙΙ
1467 4303 1498 4352 12
1511 4300 1548 4353 ad

399 4382 469 4439 hunc
481 4402 533 4438 nos
546 4402 601 4439 non
612 4397 638 4438 N
648 4385 657 4455 ll
672 4388 702 4438 14
720 4386 793 4455 ignis
804 4398 829 4439 Ν
839 4385 848 4456 ll
863 4391 894 4441 15
907 4400 960 4441 m
971 4399 990 4440 Β
1002 4388 1011 4457 ΙΙ
1026 4390 1058 4440 16
1071 4387 1136 4440 dum
1147 4400 1173 4442 Ν
1183 4390 1191 4458 Η
1205 4387 1348 4441 destrictus
1359 4396 1387 4447 B,
1402 4384 1548 4438 dimotus

398 4469 437 4541 Nl(
454 4473 486 4523 19
498 4468 653 4540 periosique
661 4482 681 4522 Β
694 4468 702 4539 ll
716 4473 749 4523 20
762 4470 937 4542 exterritique
947 4485 967 4526 Β
980 4472 989 4541 ΙΙ
1003 4475 1033 4524 21
1048 4472 1179 4526 inuidiam
1190 4484 1210 4525 Β
1222 4472 1231 4540 ll
1244 4475 1394 4523 crassantur
1405 4481 1424 4521 Β
1437 4470 1446 4538 ΙΙ
1459 4472 1491 4522 22
1504 4486 1548 4539 sy·

398 4570 474 4609 renas
486 4567 506 4608 Β
519 4554 529 4625 l
543 4558 575 4608 23
585 4554 718 4608 malaeum
728 4566 773 4608 BN
783 4555 791 4625 ΙΙ
805 4573 821 4609 a
831 4568 856 4608 N
867 4556 876 4625 ΙΙ
889 4560 921 4609 24
934 4556 1100 4627 missumque
1118 4570 1137 4611 Β
1150 4557 1159 4625 ΙΙ
1172 4559 1204 4608 25
1217 4554 1308 4608 turbat
1320 4560 1348 4605 et
1359 4554 1470 4623 serpsi:
1490 4561 1549 4607 tur·

399 4635 472 4693 barat
483 4650 530 4693 ΒΝ
540 4639 549 4709 ΙΙ
563 4642 594 4691 tt
608 4639 795 4693 habundantes
807 4652 830 4693 Ν
842 4641 851 4711 Ι,
864 4639 996 4709 phaselim
1007 4653 1027 4693 Β
1040 4641 1049 4711 ll
1062 4644 1094 4694 28
1113 4641 1250 4711 olympum
1262 4652 1281 4692 Β
1294 4638 1303 4708 ll
1316 4638 1479 4710 isauronque
1490 4652 1515 4692 Ν
1526 4640 1534 4709 l

1341 4725 1381 4788 δι
