3809 5534
856 607 925 650 rvur
942 608 1043 651 raom

570 792 723 856 XXVII.
747 792 934 857 BELLVM
950 793 1338 857 GALLOGRAECVM.

262 1010 304 1064 ΙΙ,
321 992 355 1051 ¹¹
375 990 654 1079 “Gallograeciam
680 1018 805 1082 quoque
828 997 951 1081 Syriaci
973 998 1052 1062 belli
1074 997 1171 1061 ruina
1193 994 1373 1059 conuoluit.
1411 993 1577 1056 fuerint]

373 1102 459 1165 inter
474 1102 596 1164 auxilia
609 1103 693 1186 regis
708 1103 876 1180 Antiochi,
894 1126 936 1167 an
951 1105 1052 1167 fuisse
1067 1103 1205 1187 cupidus
1218 1100 1376 1186 triumphi
1388 1098 1539 1163 Manlius

375 1209 478 1271 Vulso
494 1208 707 1286 simulauerit,
726 1210 862 1272 dubium
870 1204 899 1285 ;“
925 1221 959 1273 at
975 1222 1059 1274 certe
1074 1220 1212 1292 negatus
1227 1218 1276 1271 est
1290 1206 1409 1270 uictori
1425 1204 1577 1290 trium-[I

374 1314 478 1399 phus‚
504 1314 580 1396 quia
600 1336 730 1376 causam
751 1316 829 1378 belli
851 1338 916 1379 non
939 1315 1142 1400 adprobauit.
1167 1323 1310 1377 ceterum
1324 1334 1407 1396 gens
1423 1312 1535 1375 Gallo
1554 1323 1567 1371 5

376 1442 582 1503 graecorum,
600 1419 684 1482 sicut
699 1419 806 1502 ipsum
821 1442 939 1483 nomen
955 1422 1075 1485 indicio
1090 1432 1159 1498 est,
1187 1420 1291 1483 mixta
1305 1429 1338 1481 et
1353 1418 1537 1481 adulterata

377 1536 443 1589 est:
463 1526 616 1609 reliquiae
623 1526 806 1602 Gallorum,
824 1526 880 1609 qui
888 1530 1018 1590 Brenno
1031 1529 1112 1591 duce
1123 1536 1334 1591 uastauerant
1350 1523 1534 1597 Graeciam,

378 1632 533 1694 orientem
549 1631 663 1707 secuti,
681 1632 715 1693 in
730 1632 837 1695 media
850 1632 947 1695 Asiae
962 1644 1053 1717 parte
1068 1634 1240 1708 sederunt3
1264 1632 1387 1714 itaque,
1405 1629 1458 1691 uti
1473 1629 1535 1690 fru-

377 1760 456 1821 gum
477 1737 601 1800 semina
621 1746 747 1799 mutato
770 1736 838 1800 solo
864 1738 1079 1820 degenerant,
1108 1736 1154 1800 sic
1179 1737 1237 1800 illa
1261 1735 1406 1819 genuina
1428 1734 1558 1798 feritas·

378 1866 490 1906 eorum
504 1841 648 1904 Asiatica
663 1841 857 1906 amoenitate
872 1842 998 1905 mollita
1020 1851 1079 1905 est.
1104 1836 1250 1904 ”duobus
1273 1841 1383 1923 itaque
1405 1838 1564 1925 proeliisl

378 1948 444 2012 fusi
459 1947 627 2032 fugatique
642 1958 731 2023 sunt,
749 1947 898 2030 quamuis
914 1949 974 2010 sub
993 1950 1139 2010 aduentu
1152 1946 1255 2009 hostis
1270 1947 1391 2009 relictis
1407 1947 1531 2009 sedibus

379 2054 414 2116 in
431 2053 602 2116 altissimos
618 2075 652 2116 se
666 2064 792 2117 montes
807 2053 1013 2136 recepissent.
1029 2053 1236 2135 Tolostobogi
1251 2053 1443 2137 Olympum,
1460 2054 1529 2115 Tec-

381 2159 485 2243 tosagi
499 2159 640 2241 Magaba
655 2158 850 2222 insederant.
876 2159 1039 2242 utrimque
1061 2158 1171 2221 fundis
1192 2157 1383 2241 sagittisque
1406 2156 1530 2221 detracti

381 2266 416 2328 in
430 2275 619 2349 perpetuam
635 2288 668 2328 se
682 2287 795 2348 pacem
810 2265 1014 2328 dediderunt.
1030 2268 1085 2327 sed
1101 2263 1226 2347 alligati
1236 2263 1393 2327 miraculo
1408 2264 1528 2348 quidam

382 2372 483 2447 fuere,
500 2392 575 2433 cum
590 2381 718 2434 catenas
734 2370 892 2434 morsibus
908 2380 941 2432 et
957 2393 1010 2434 ore
1026 2380 1248 2454 temptassent,
1265 2392 1342 2431 cum
1357 2371 1527 2433 offocandas
1541 2376 1560 2425 15

383 2477 524 2539 inuicem
538 2459 644 2538 fauces
660 2476 894 2559 praebuissent.
909 2498 986 2537 nam
1001 2474 1205 2558 Orgiacontis
1221 2497 1302 2537 uxor
1318 2497 1337 2537 a
1352 2474 1527 2539 centurione

383 2592 528 2664 stuprata
542 2581 741 2645 memorabili
756 2583 903 2665 exemplo
915 2581 1095 2644 custodiam
1110 2580 1225 2656 euasit,
1241 2580 1471 2664 reuolsumque
1484 2580 1527 2642 ad·

383 2688 479 2750 ulteri
494 2687 596 2750 hostis
612 2700 710 2771 caput
725 2690 766 2752 ad
779 2688 933 2751 maritum
949 2709 1045 2749 suum
1059 2681 1267 2769 reportauit.u
1527 2678 1557 2765 [l]

455 2942 626 3005 XXVIII.
652 2941 836 3005 BELLVM
853 2941 1194 3005 MACEDONIOVM
1211 2942 1475 3035 SECVNDVM.

277 3159 317 3212 11,
335 3140 373 3200 12
386 3145 476 3206 Dum
491 3141 573 3205 aliae
589 3141 733 3224 aliaeque
748 3153 861 3225 gentes
877 3144 1000 3229 Syriaci
1014 3145 1092 3208 belli
1108 3157 1261 3210 secuntur
1274 3145 1418 3222 ruinam,
1435 3127 1563 3230 Macer·

385 3248 481 3312 donia
495 3270 606 3310 narsus
621 3269 655 3310 se
670 3247 782 3310 erexit.
806 3250 1016 3313 fortissimum
1036 3251 1194 3334 populum
1214 3251 1369 3315 memoria
1389 3261 1423 3315 et
1443 3271 1531 3314 recor·

269 3369 271 3378 ·
385 3354 472 3417 datio
499 3376 576 3417 suae
597 3352 777 3417 nobilitatis
801 3355 963 3438 agitabat,
995 3366 1028 3418 et
1054 3368 1250 3420 successerat
1276 3356 1435 3441 Philippo
1456 3355 1532 3419 filius

388 3661 398 3707 1
415 3670 664 3713 GALLOGRECORVM
676 3672 695 3712 Β
712 3660 722 3729 11
744 3663 758 3712 2
772 3660 986 3731 Gallograeciam
1004 3668 1093 3715 autem
1106 3662 1135 3713 id
1147 3669 1189 3714 est
1200 3662 1328 3731 galatiam
1341 3662 1441 3732 syriaci
1452 3663 1485 3732 11
1497 3678 1533 3731 sy·

385 3741 473 3793 riatici
484 3753 510 3793 N
520 3742 528 3809 11
541 3741 648 3795 fuerant
658 3757 683 3796 N
694 3744 702 3811 11
716 3747 730 3795 3
743 3743 796 3797 fuit
807 3763 922 3815 namque
933 3758 956 3809 Ι,
971 3746 1067 3798 fuisset
1085 3757 1110 3797 N
1120 3747 1128 3815 11
1142 3746 1263 3798 Manlius
1274 3745 1361 3797 Vulso
1374 3745 1537 3800 simulauerit

386 3825 595 3877 Mommseaius:
620 3828 735 3880 manlius
759 3829 832 3882 uisos
851 3830 1020 3884 simulauerit
1038 3843 1071 3893 Β,
1098 3832 1215 3884 manlius
1234 3831 1309 3884 uisus
1329 3830 1534 3892 simulamenta

386 3907 503 3960 manlius
515 3926 549 3960 an
562 3927 607 3962 eos
621 3911 693 3964 uisos
706 3912 875 3967 simulauerit
885 3928 911 3968 N
928 3915 936 3985 11
956 3920 972 3966 4
985 3914 1098 3966 dubium
1112 3922 1180 3967 estI
1197 3915 1205 3985 11
1225 3921 1338 3968 atcerte
1351 3924 1468 3985 negatus
1479 3914 1538 3967 scri·

382 3991 430 4062 psi
435 4012 444 4043 .·
468 3993 518 4043 hac
531 4001 605 4062 perte
618 4003 746 4064 negatum
759 3998 788 4061 b,
814 4009 906 4070 aperte
918 4007 1033 4070 negatus
1044 4011 1078 4063 Β,
1102 4007 1173 4053 certe
1186 4008 1301 4071 negatus
1312 4012 1339 4053 N
1349 4002 1358 4072 11
1372 4001 1464 4054 uictor
1473 4011 1493 4052 Β
1504 3998 1512 4069 11
1525 4002 1538 4048 5

386 4096 442 4131 non
455 4077 494 4130 bis
501 4089 521 4130 Β
535 4078 543 4149 11
556 4078 654 4132 iterum
665 4092 684 4132 Β
697 4081 706 4149 1
719 4085 733 4131 7
741 4087 806 4150 post
812 4082 950 4137 Gallorum
963 4085 1310 4155 quaesoquunbaerusqueod
1317 4088 1389 4155 pas,
1400 4089 1432 4139 16
1440 4091 1538 4137 auerte

385 4171 429 4217 rat
440 4164 483 4216 hie
495 4162 594 4216 amitat
604 4174 635 4227 N,
650 4169 746 4233 etpost
755 4166 902 4236 perirentp
915 4173 956 4231 89,
972 4172 1004 4220 29
1012 4168 1093 4237 ponit
1103 4169 1113 4238 11
1126 4170 1225 4239 quibus
1236 4169 1341 4223 brenno
1352 4182 1379 4223 N
1389 4170 1399 4241 1
1413 4168 1540 4241 graeciam

386 4248 545 4302 morientem
557 4260 583 4300 N
593 4247 601 4317 11
616 4251 630 4299 8
644 4248 724 4301 sicuti
736 4260 755 4300 Β
767 4248 776 4320 11
789 4259 821 4303 ut
831 4264 857 4304 N
866 4252 875 4323 11
889 4257 904 4305 9
917 4254 1047 4307 seminam
1059 4268 1078 4306 Β
1091 4254 1100 4325 1
1114 4256 1226 4325 genuita
1237 4267 1262 4307 N
1272 4254 1281 4325 11
1298 4259 1326 4307 11
1341 4264 1447 4309 euentu
1457 4266 1477 4307 Β
1489 4254 1498 4323 1
1513 4255 1539 4304 ll

386 4332 557 4403 coloscobegi
568 4345 595 4396 Β,
612 4331 779 4402 colosobegit
790 4347 805 4385 Ι
815 4336 824 4405 11
838 4337 1075 4407 solostologiorum
1087 4340 1220 4410 tectosagi
1231 4342 1276 4410 Β1
1298 4343 1328 4393 13
1340 4341 1490 4412 magabant
1499 4353 1518 4392 Β
1528 4339 1537 4409 1

386 4419 468 4472 atiam
479 4419 523 4489 Ν11
537 4417 591 4471 acti
608 4417 698 4487 111114
718 4418 826 4486 quidam
844 4421 968 4490 Lipsius:
987 4423 1105 4492 quodam
1122 4425 1245 4495 Β1Β115
1263 4431 1360 4478 catena
1374 4438 1396 4479 Β
1409 4426 1418 4497 1
1431 4426 1541 4480 effocen-

388 4503 434 4555 das
446 4518 474 4568 Β,
489 4502 644 4558 offocandas
655 4502 690 4573 11
707 4505 737 4554 16
751 4504 915 4573 orgiacontis
932 4508 1003 4576 regis
1021 4519 1047 4559 N
1057 4508 1066 4577 11
1087 4510 1117 4559 17
1131 4515 1254 4578 stuprata
1271 4509 1386 4579 scripsi:
1405 4518 1538 4579 struprum

387 4598 419 4648 Β,
434 4596 557 4658 stuprum
569 4605 648 4659 passa
658 4599 684 4639 N
694 4586 703 4657 1
716 4587 906 4659 reuolsumque
919 4590 1013 4645 militis
1026 4600 1108 4663 caput
1117 4605 1143 4646 N
1153 4594 1162 4663 11
1177 4598 1208 4647 18
1220 4594 1339 4647 rettullit
1350 4606 1376 4647 N
1386 4594 1395 4664 11
1411 4598 1442 4647 19
1454 4607 1539 4648 usca·

387 4683 487 4724 bonvm
498 4685 523 4725 N
534 4673 542 4741 11
556 4676 588 4725 20
601 4672 752 4743 spriaticiN
764 4674 772 4744 11
785 4673 850 4726 belli
863 4674 926 4728 aar
940 4675 947 4746 11
962 4685 1138 4747 sequunturB
1151 4679 1159 4747 11
1173 4682 1201 4730 21
1219 4698 1247 4731 se
1260 4697 1301 4730 om
1308 4691 1337 4744 Β,
1352 4697 1380 4733 se
1393 4697 1485 4733 rursus
1495 4690 1519 4732 N
1527 4678 1536 4747 1
