3809 5534
784 560 982 607 ranarrrro.
1381 550 1473 607 VIIII

296 715 386 779 cibus
397 761 407 790 ,
436 713 512 775 inde
536 710 676 776 Parisios
691 711 760 774 iure
781 713 857 776 belli
880 721 1059 795 asportatus
1085 714 1214 775 tandem
1237 711 1472 795 Heidelbergae

296 819 442 884 redditus
450 830 510 884 est.
529 820 662 882 Florum
677 818 843 901 excipiunt
858 819 892 881 in
901 818 1161 883 hoccodicefolio
1171 824 1302 881 62recto
1315 818 1472 901 epitomae

295 928 378 1004 siue,
396 937 435 989 ut
448 924 741 1001 hicinscribuntur,
755 925 924 1007 periochae
939 924 1139 988 librorumT.
1151 924 1249 988 Liuii.
1268 924 1405 1008 scriptus
1421 936 1470 989 est

295 1034 375 1098 satis
390 1035 474 1096 bene
490 1031 664 1094 maioribus
680 1032 719 1094 ab
734 1030 829 1094 initio
845 1030 974 1107 litteris,
992 1052 1070 1114 quas
1082 1052 1194 1094 uersus
1205 1034 1308 1094 finem·
1320 1030 1468 1095 librarius

293 1139 486 1203 minutiores
501 1138 610 1202 minus
626 1148 713 1201 certa
727 1148 760 1199 et
773 1138 867 1200 firma
881 1158 982 1201 manu
996 1136 1114 1219 pinxit.
1138 1137 1228 1200 haud
1242 1159 1312 1200 raro
1328 1139 1469 1200 secunda

294 1268 397 1308 manu
412 1253 553 1307 correcta
567 1254 643 1306 sunt
659 1265 742 1325 quae
757 1243 844 1326 prior
858 1242 1007 1306 librarius
1023 1242 1192 1325 scripserat
1200 1268 1209 1318 ;
1236 1246 1292 1307 sed
1307 1243 1387 1308 hacc
1401 1265 1468 1306 non

294 1352 360 1415 uisi
381 1374 452 1414 raro
468 1352 653 1413 adnotanda
667 1349 802 1432 putaui,
819 1360 993 1432 postquam
1014 1349 1229 1412 animaduerti
1255 1371 1330 1412 eum
1346 1349 1402 1432 qui
1417 1371 1468 1413 co·

296 1458 402 1521 dicem
426 1456 473 1519 ita
493 1455 680 1520 retractauit
699 1478 766 1518 non
789 1478 829 1517 ex
851 1454 984 1538 antiquo
1004 1454 1086 1518 libro
1108 1456 1293 1539 desumptas
1314 1456 1467 1520 lectiones

296 1564 354 1627 sed
376 1561 574 1626 coniecturas
603 1561 807 1645 adscripsisse
829 1562 1019 1644 plerumque
1040 1561 1161 1625 futiles.
1200 1582 1252 1624 eas
1275 1560 1375 1644 igitur
1395 1573 1467 1625 tum

295 1670 362 1731 fere
388 1668 636 1732 commemoraui
670 1667 726 1730 ubi
747 1667 854 1730 leuem
875 1667 1016 1750 aliquem
1031 1690 1168 1730 errorem
1183 1678 1361 1731 correctum
1376 1668 1465 1731 uide-

295 1798 385 1851 rem,
403 1785 440 1837 ut
455 1797 477 1858 p
493 1780 547 1852 99,
566 1781 605 1837 26
622 1773 831 1857 obequitantis
845 1782 930 1835 recte
946 1773 1165 1856 scriptumest
1185 1796 1242 1858 pro
1264 1774 1462 1857 obequitabit,

295 1882 381 1964 quod
397 1886 463 1943 BN
475 1881 614 1958 habent3
639 1902 660 1963 p
678 1886 730 1956 99,
750 1883 787 1939 27
806 1877 1007 1942 iactationem
1023 1880 1221 1956 restitutum,
1239 1903 1312 1943 eum
1328 1880 1467 1944 r'ectotr'o-

293 2009 365 2049 aem
380 1986 416 2048 in
431 1992 477 2062 N,
494 1986 667 2050 iatatooem
681 1986 717 2048 in
733 1993 762 2047 B
776 1985 918 2067 legatum
943 2007 965 2068 p
985 1993 1056 2061 114,
1079 1992 1115 2049 13
1139 1987 1355 2063 remoueboot,
1380 1989 1465 2069 quod

294 2102 444 2176 conupte
474 2093 628 2156 exhibent
650 2099 731 2168 BN,
760 2102 845 2154 recte
871 2102 1034 2154 mutatum
1056 2103 1105 2154 est
1126 2092 1161 2154 in
1182 2094 1394 2157 reuomeboot.
1427 2104 1465 2156 ut

293 2198 408 2261 haece
424 2197 609 2261 coniectura
623 2196 828 2281 potissimum
845 2208 985 2260 correcta
1000 2200 1126 2261 credam
1145 2198 1222 2261 facit
1245 2202 1330 2281 quod
1346 2198 1382 2260 in
1397 2220 1464 2261 cor-

294 2304 431 2387 ruptelis
441 2303 632 2387 conspirant
647 2309 727 2379 BN,
751 2304 837 2365 unde
853 2302 923 2365 iure
939 2303 1021 2366 effici
1036 2314 1143 2388 potest
1163 2328 1216 2369 eas
1236 2305 1385 2370 omnibus
1409 2304 1466 2389 qui

293 2420 434 2473 aetatem
449 2411 593 2473 tulerunt
615 2408 778 2472 codicibus
805 2409 1000 2491 antiquiores
1023 2433 1102 2474 esse.
1133 2411 1184 2474 his
1200 2409 1341 2493 exceptis
1358 2408 1466 2472 omnia

296 2538 378 2598 quae
394 2515 431 2578 in
445 2516 555 2579 codice
577 2516 610 2577 N
613 2514 759 2578 azariauo
769 2561 778 2591 ‚
805 2538 901 2597 quem
915 2522 953 2578 N
964 2516 1095 2592 notaui,
1118 2517 1271 2599 leguntur
1293 2515 1465 2597 diligenter

294 2621 450 2683 adnotaui
473 2642 578 2704 neque
599 2620 772 2704 quicquam
794 2622 897 2685 sciens
925 2622 1101 2703 uolcnsque
1131 2621 1235 2683 omisi.
1268 2641 1464 2703 quamquam

295 2749 406 2789 uereor
420 2749 463 2790 ne
472 2774 482 2802 ,
499 2750 575 2789 curn
590 2726 643 2789 hic
658 2729 759 2790 codex
774 2750 840 2789 non
856 2727 974 2791 totiens
991 2727 1133 2810 repetitis
1150 2726 1234 2790 curis
1249 2737 1462 2810 pertractatus

294 2832 336 2896 sit
351 2845 430 2915 quot
451 2833 682 2916 Bambergeusi
704 2833 928 2916 contigerunt,
952 2836 1109 2917 quaedam
1131 2857 1183 2918 me
1205 2834 1353 2917 quamuis
1376 2832 1464 2916 operi

292 2939 459 3003 intentum
473 2939 627 3023 fugerint.
668 2962 740 3002 earn
763 2949 871 3002 tamen
892 2963 1003 3003 curam
1026 2941 1159 3004 adhibui
1180 2952 1236 3017 ut,
1268 2941 1463 3022 ubicumque

294 3045 473 3109 Salmasius
489 3045 543 3108 uel
559 3046 718 3109 Gruterus
735 3045 877 3130 aliquam
898 3048 974 3110 libri
995 3049 1027 3111 N
1030 3047 1169 3110 azariani
1183 3047 1355 3110 lectionem
1371 3049 1463 3110 adtu-

292 3152 422 3227 lerunt,
454 3151 522 3234 ipse
545 3152 689 3215 codicem
713 3155 821 3215 denuo
842 3153 1059 3230 consulerem,
1088 3154 1134 3216 ita
1155 3164 1192 3216 ut
1215 3156 1383 3217 adfirmare
1407 3175 1463 3216 au-

291 3260 387 3320 deam
394 3304 405 3334 ,
433 3258 515 3321 mihi
529 3258 637 3341 potius
652 3260 710 3322 ubi
732 3259 896 3323 dissensus
919 3259 961 3322 sit
977 3282 1073 3342 quam
1088 3260 1153 3323 illis
1168 3262 1266 3323 fidem
1280 3261 1464 3323 habendam

292 3386 372 3427 esse.
406 3363 473 3426 iam
488 3386 564 3427 uero
580 3365 703 3427 nemini
719 3364 854 3427 dubium
870 3388 938 3428 esso
953 3376 1059 3447 potest
1087 3366 1166 3448 quin
1188 3367 1388 3429 Nazarianus
1411 3389 1463 3429 co·

292 3472 356 3532 dex
382 3469 479 3552 longe
505 3470 637 3533 inferior
664 3471 706 3535 sit
733 3471 980 3553 Bambergensi,
1009 3493 1075 3533 non
1102 3482 1230 3535 tantum
1261 3474 1346 3554 quod
1373 3470 1463 3533 uitiis

292 3575 402 3657 qualia
417 3575 585 3639 admittere
601 3579 705 3639 solent
720 3577 843 3640 librarii
858 3577 961 3659 magis
977 3577 1165 3659 inquinatus
1181 3589 1248 3652 est,
1272 3579 1345 3651 sed,
1377 3576 1461 3657 quod

292 3681 389 3764 longe
405 3682 538 3764 grauius
554 3694 620 3759 est,
646 3684 721 3767 quia
736 3684 834 3746 uerba
849 3683 1011 3765 scriptoris
1028 3684 1067 3744 ab
1083 3683 1309 3766 interpolatore
1325 3683 1464 3765 quodam
1491 3693 1493 3699 '

293 3788 391 3870 longe
414 3787 564 3870 plurimis
590 3790 667 3852 locis
689 3790 822 3852 licenter
843 3789 1004 3850 inmutata
1025 3799 1252 3870 repraesentat.
1293 3790 1379 3872 quod
1406 3809 1464 3871 per

293 3896 442 3978 exempla
465 3897 683 3976 demonstrare
705 3917 771 3957 non
787 3916 867 3977 opus
883 3894 1031 3970 uidetur,
1055 3917 1131 3957 cum
1154 3918 1219 3958 una
1241 3918 1385 3979 quaeque
1407 3918 1463 3979 pa·

293 4000 367 4083 gina
382 4000 566 4064 luculenter
580 4004 702 4065 doceat.

378 4106 488 4170 Ceteri
514 4107 656 4183 codices,
685 4130 821 4190 quorum
847 4107 962 4189 ingens
987 4129 1142 4171 numerus
1168 4108 1202 4170 in
1227 4109 1375 4171 omnibus
1397 4108 1462 4170 fere

296 4211 497 4275 bibliothecis
525 4224 689 4290 seruatur,
718 4225 750 4277 et
775 4214 966 4277 recentiores
993 4224 1069 4276 sunt
1095 4214 1274 4277 Nazariano
1301 4225 1332 4276 ct
1358 4214 1462 4275 multo

298 4317 394 4401 magis
419 4317 510 4380 uitiis
531 4318 733 4382 librariorum
759 4331 855 4403 atque
877 4320 1052 4382 licentiosis
1075 4319 1374 4402 interpolationibus
1397 4319 1462 4381 foe·

301 4422 369 4485 dati.
403 4424 467 4487 hoc
483 4434 549 4487 tam
564 4427 603 4488 de
619 4426 768 4489 omnibus
784 4426 873 4489 ualet
901 4450 980 4509 quos
1001 4425 1121 4509 priores
1143 4426 1278 4489 editores
1294 4423 1464 4487 consulue-

302 4541 368 4592 runt
376 4578 386 4607 ,
406 4541 445 4593 ut
461 4532 548 4613 apud
563 4533 735 4595 Dukerum
750 4532 858 4596 uidere
874 4533 968 4608 licet,
993 4555 1090 4615 quarn
1112 4534 1151 4595 de
1166 4532 1211 4594 eis
1227 4554 1306 4614 quos
1322 4540 1379 4592 aut
1394 4530 1464 4613 ipse

306 4647 351 4697 aut
371 4659 435 4719 ,per
462 4637 580 4701 amicos
602 4638 759 4722 cognoui,
791 4639 981 4703 Monacensi
1009 4637 1210 4703 lterolinonsi
1239 4637 1464 4721 Guelpherby-
