3809 5534
574 617 722 661 nrrrous
738 617 777 673 rr,
797 608 906 662 tt-le
924 597 1006 682 [nrr,
1021 599 1124 683 3-6].
1394 602 1454 662 107

320 766 410 849 fragiis
424 765 606 832 iudicatum
621 768 747 832 hostem
763 769 881 831 Caesar
895 768 1063 849 adgressus
1078 767 1162 832 intra
1179 767 1329 832 Perusiae
1344 790 1453 831 rnuros

321 871 421 954 redegit
454 871 661 956 conpulitque
691 873 732 935 ad
757 882 900 935 extrema
921 870 1093 937 deditionis
1116 871 1202 955 turpi
1221 883 1253 935 ct
1281 872 1364 935 nihil
1386 895 1452 935 uon

320 987 429 1058 experta
444 976 540 1040 fame.
1326 1004 1329 1010 ·

693 1232 1053 1300 TRIVMVIRATVS.

290 1450 378 1516 stum
392 1452 482 1518 solus
497 1450 595 1516 ctiam
609 1450 717 1534 grauis
731 1450 815 1535 paci,
830 1450 938 1536 grauis
955 1450 1000 1516 rei
1014 1450 1162 1534 publicae
1176 1460 1261 1514 esset
1275 1450 1448 1527 Antonius,
1464 1469 1532 1527 nn,
1548 1452 1567 1512 6

311 1556 387 1637 quasi
401 1555 489 1640 ignis
504 1555 655 1622 incendio
669 1556 811 1640 Lepidus
827 1556 969 1622 accessit.
994 1589 1027 1624 s·
1048 1555 1100 1620 cui
1115 1566 1226 1620 contra
1240 1558 1320 1620 duos
1334 1577 1447 1619 consu·

307 1659 360 1738 les,
374 1663 459 1728 duos
474 1661 632 1728 exercitus
653 1684 782 1727 necesse
804 1662 866 1726 fuit
888 1662 999 1726 uenire
1021 1661 1057 1724 iu
1079 1661 1291 1727 cruentissimi
1313 1660 1448 1725 foederis

305 1766 490 1833 soeiemtem.
532 1766 660 1832 diuersa
681 1766 827 1832 omnium
848 1777 924 1832 uota
945 1778 982 1831 ut
1003 1767 1146 1851 ingenia.
1184 1765 1344 1851 Lepidum
1364 1764 1447 1829 diui·

248 1869 250 1940 f
304 1870 410 1938 tiorum
424 1872 561 1956 cupido,
587 1893 721 1955 quarum
736 1883 889 1955 speserat
904 1895 944 1937 ex
967 1872 1205 1957 perturbatione
1226 1870 1445 1956 reipublicae,

270 1979 290 2031 ¹⁰
302 1976 475 2044 Antonium
489 1976 622 2044 ultionis
638 1978 678 2042 de
692 1977 744 2044 his
764 1977 821 2061 qui
841 2000 876 2044 se
897 1978 1023 2044 hostem
1041 1978 1255 2053 iudicassent,
1278 1978 1447 2042 Caesarem

302 2081 418 2148 inultus
442 2092 533 2166 pater
546 2092 580 2148 ct
600 2081 749 2148 manibus
770 2083 839 2148 eius
860 2105 975 2167 graues
998 2083 1128 2148 Cassius
1148 2093 1182 2145 et
1202 2086 1322 2148 Brutus
1345 2082 1445 2164 agita-

300 2186 382 2255 bant.
405 2188 446 2254 in
459 2189 521 2255 hoc
535 2188 627 2253 uelut
638 2188 751 2254 foedus
766 2210 831 2271 pax
844 2189 929 2254 inter
943 2199 1006 2254 tres
1022 2190 1118 2252 duces
1133 2186 1335 2276 conponitnp.
1360 2188 1446 2268 apud

298 2293 502 2362 Confluentes
529 2292 614 2360 inter
639 2293 808 2360 Petusium
833 2304 866 2358 et
891 2294 1072 2360 Bononiam
1100 2293 1241 2376 iungunt
1272 2313 1387 2356 manus
1413 2301 1446 2356 et

297 2398 451 2464 exereitus
467 2399 681 2466 consalutent.
705 2399 796 2463 nullo
817 2400 901 2462 bono
922 2422 1010 2464 more
1032 2398 1252 2464 triumuiratus
1266 2396 1442 2473 inuaditur,

256 2503 281 2558 ¹⁵
295 2523 506 2587 oppressaque
535 2503 630 2570 armis
651 2504 835 2586 republica
856 2505 937 2570 redit
959 2505 1095 2572 Sullana
1115 2503 1322 2587 proscriptio,
1352 2503 1444 2568 euius

293 2609 441 2678 mantas
466 2609 552 2676 nihil
577 2608 795 2676 incontinua
817 2610 915 2673 habet
940 2631 1038 2691 quam
1062 2631 1233 2674 numerum
1260 2618 1390 2672 eentum
1411 2619 1444 2672 et

292 2714 505 2798 quadraginta
518 2724 713 2780 senatorum.
737 2714 844 2780 exitus
864 2714 949 2780 foedi
972 2725 1075 2778 truces
1089 2713 1284 2780 miserabiles
1300 2723 1367 2778 toto
1383 2723 1443 2778 ter·

293 2840 397 2884 rarum
412 2822 488 2884 orbe
512 2820 718 2903 fugientium.
750 2820 822 2904 quis
843 2842 900 2903 pro
923 2818 1117 2902 indignitate
1137 2819 1345 2909 urgentiscat,
1369 2842 1444 2886 eum

293 2924 454 2990 Antonius
470 2924 607 2990 Lucium
621 2926 791 3007 Caesarem
806 2925 1005 2990 auunculum
1019 2948 1133 3002 suum,
1151 2924 1291 3008 Lepidus
1307 2925 1444 2991 Lucium

248 3031 279 3087 ²0
295 3030 433 3096 Paulum
447 3031 577 3096 fratrem
592 3053 686 3096 suum
700 3030 960 3113 proscripserinti
981 3054 1058 3096 nam
1073 3034 1196 3100 Romae
1215 3030 1324 3113 capita
1337 3053 1442 3096 caeso·

292 3155 359 3200 rum
373 3157 552 3219 proponere
567 3136 602 3200 in
617 3135 727 3200 rostris
741 3135 807 3200 iam
827 3135 985 3202 usitatum
1006 3148 1074 3201 erat
1082 3161 1091 3211 ;
1115 3158 1228 3202 nerum
1250 3135 1295 3200 sic
1315 3156 1444 3217 quoque

291 3240 404 3308 ciuitas
420 3240 566 3306 lacrimas
582 3251 691 3306 tenere
705 3262 772 3305 non
786 3240 911 3322 potuit,
926 3264 1003 3306 oum
1017 3242 1154 3308 recisum
1169 3237 1331 3307 Ciceronis
1347 3248 1443 3320 caput

293 3345 403 3413 inillis
419 3345 485 3413 suis
507 3346 615 3412 rostris
642 3345 766 3410 uideret
793 3368 853 3410 nec
873 3345 966 3411 aliter
987 3349 1028 3411 ad
1052 3346 1229 3411 uidendum
1251 3366 1325 3409 eum
1346 3365 1443 3425 quem

291 3453 412 3518 solebat
437 3452 478 3518 ad
504 3450 702 3518 audiendum
725 3461 975 3517 concurreretur.
1011 3452 1090 3515 haec
1111 3453 1231 3516 scelera
1249 3451 1285 3515 in
1305 3447 1442 3512 Antonii

253 3556 278 3610 ²5
293 3555 467 3641 Lepidique
496 3556 631 3633 tabulis3
663 3558 781 3623 Caesar
808 3556 1045 3639 percussoribus
1065 3556 1165 3637 patris
1188 3565 1359 3620 contentus
1381 3552 1443 3618 fuit

290 3660 358 3730 ideo
372 3683 416 3730 ne
423 3707 435 3738 ,
453 3660 481 3726 si
494 3660 601 3729 inulta
614 3661 745 3739 fnisset,
764 3662 862 3728 etiam
876 3661 962 3726 iusta
977 3661 1044 3726 eius
1059 3661 1172 3724 caedes
1186 3660 1367 3728 haberetur.

288 3982 447 4052 tredigitn
460 3982 468 4052 ss
482 3985 496 4034 5
511 3983 601 4052 grauis
614 3981 674 4053 paci
687 4000 729 4034 om
738 3995 758 4034 B
771 3982 779 4052 ll
793 3985 808 4035 6
822 3982 865 4035 oui
876 3995 906 4037 B:
919 3983 985 4052 quid
992 3996 1023 4047 N,
1039 3981 1198 4052 Caesarique
1212 3982 1259 4035 uni
1270 3983 1408 4052 Hauptias
1421 3985 1429 4051 l

288 4070 383 4121 contr'a
396 4068 451 4121 duo
464 4068 598 4121 exercitus
609 4080 634 4122 N
645 4068 653 4138 l
669 4071 683 4119 8
697 4075 762 4120 uota
774 4067 899 4121 incendia
910 4080 936 4119 N
946 4067 955 4137 {l
969 4072 984 4121 9
1005 4075 1062 4121 erat
1074 4085 1116 4119 om
1127 4079 1153 4119 N
1163 4068 1171 4137 Η
1185 4068 1339 4121 turbatione
1351 4081 1376 4120 Ν
1386 4068 1395 4137 l
1411 4072 1441 4119 lo

286 4151 420 4205 ultionem
431 4163 452 4204 B
463 4152 473 4223 Η
486 4152 525 4205 eis
537 4153 581 4223 ΝΚ
596 4156 624 4205 11
640 4152 745 4205 inuitus
764 4156 869 4223 peteret
886 4152 1011 4205 manibus
1028 4163 1052 4204 Ν
1063 4152 1072 4221 ll
1088 4156 1119 4204 13
1137 4152 1273 4221 perusiam
1291 4164 1328 4215 N,
1346 4152 1442 4203 Petru-

285 4236 352 4290 riam
364 4233 507 4289 Heluetia
518 4253 604 4291 marm
616 4237 709 4291 Felsin
720 4247 786 4301 ΠΝ,
809 4240 824 4288 2
837 4254 860 4304 p
878 4238 943 4301 146,
966 4238 1103 4290 Mutinam
1121 4238 1171 4289 edd
1186 4242 1258 4300 nott,
1280 4235 1444 4304 Borpdesiae

286 4321 359 4390 apud
368 4317 516 4374 Boethium
528 4322 594 4375 delle
606 4322 661 4374 lodi
670 4322 714 4374 dei
723 4320 846 4373 canonico
858 4321 883 4373 L
895 4321 990 4373 Nordr'
1000 4340 1022 4390 p
1039 4324 1072 4374 29
1085 4322 1094 4391 l
1109 4325 1139 4373 15
1160 4322 1263 4393 syllana
1274 4332 1293 4372 Ν
1306 4320 1315 4391 l
1331 4324 1360 4372 lo
1373 4319 1443 4372 nihil

285 4405 422 4478 insignius
441 4404 634 4458 Moormaerre'us
647 4405 655 4476 l
669 4411 697 4458 et
715 4421 756 4459 om
768 4418 793 4459 Ν
804 4406 812 4477 tl
827 4409 858 4458 18
872 4422 920 4475 pre
938 4405 1037 4475 quibus
1050 4406 1110 4475 quis
1122 4421 1171 4475 pro
1184 4403 1316 4476 dignitate
1335 4404 1374 4457 rei
1386 4404 1430 4473 Nil

284 4489 452 4561 ingemescat
462 4490 526 4561 ”l
539 4494 571 4543 20
584 4505 663 4544 sumn
676 4491 783 4543 tratrem
795 4503 821 4545 N
831 4492 839 4562 ll
852 4490 1014 4559 namole
1027 4502 1162 4543 romanon
1175 4489 1184 4558 l
1197 4504 1336 4543 censorum
1349 4500 1374 4541 N
1384 4488 1393 4558 ll
1407 4492 1439 4541 ²2

283 4574 401 4628 lacrimis
414 4586 433 4627 Β
446 4574 455 4645 ΙΙ
470 4576 502 4627 23
514 4574 652 4628 uideretur
663 4575 707 4645 Nl
722 4579 753 4628 25
767 4583 905 4628 contestus
918 4587 938 4627 B
950 4576 959 4645 Η
972 4575 1026 4628 fuit
1037 4576 1080 4628 his
1099 4591 1206 4646 quoquc
1218 4573 1271 4626 nisi
1283 4574 1371 4627 inulta
1382 4586 1407 4628 N
1418 4574 1427 4643 ll

283 4662 314 4711 26
331 4660 390 4713 eius
405 4677 448 4711 om
466 4669 491 4711 N
502 4657 510 4728 ll
