3809 5534
737 600 887 645 mironi
903 601 927 657 1,
947 592 989 643 11.
1010 592 1040 643 11
1060 580 1117 666 [16.
1138 581 1194 666 11].
1512 586 1548 647 21

360 750 379 813 l
395 761 424 814 et
438 749 588 813 inlustris
604 760 683 831 aput
699 748 862 813 Caudinas
884 750 1027 814 furculas
1043 772 1085 814 ex
1107 751 1168 813 hac
1183 761 1280 834 geute
1296 751 1401 814 clades
1420 754 1553 818 Veturio

393 854 625 937 Postumioque
637 853 822 919 consulibus
838 867 971 939 accepta
985 867 1044 920 est.
1063 857 1152 919 eluso
1164 879 1221 939 per
1231 856 1363 921 insidias
1379 858 1464 922 intra
1478 882 1553 922 eurn

393 963 510 1026 saltum
527 959 690 1036 exercitu,
715 963 800 1024 unde
816 983 881 1024 non
897 973 1005 1044 posset
1020 963 1176 1038 euadere,
1201 973 1334 1045 stupens
1358 974 1448 1027 tanta
1463 987 1551 1028 oeca-

394 1067 481 1131 sione
496 1067 566 1129 dnx
580 1065 724 1128 hostium
737 1067 873 1130 Pontius
886 1066 1093 1131 Herennium
1104 1078 1229 1151 patrem
1244 1070 1418 1133 consuluit.
1437 1081 1468 1133 ct
1484 1070 1551 1146 ille,

367 1172 535 1236 tmitteret
551 1193 662 1234 omnes
678 1171 732 1234 uel
747 1172 922 1249 occideret,
946 1173 1108 1256 sapienter
1129 1183 1166 1235 ut
1189 1172 1295 1236 senior
1316 1186 1478 1250 suaserat,
1500 1176 1553 1239 hie

395 1277 488 1342 annis
505 1289 621 1340 exutos
636 1276 764 1340 mittere
780 1277 970 1362 subiugum
984 1278 1121 1354 maluit,
1142 1289 1179 1341 ut
1194 1300 1253 1340 nec
1269 1279 1364 1343 amici
1379 1280 1485 1344 forent
1499 1283 1552 1345 be·

394 1382 507 1446 nefieio
524 1394 557 1445 et
572 1393 645 1465 post
660 1381 822 1466 flagitium
836 1383 944 1447 hostes
960 1384 1074 1468 magis.
1100 1384 1209 1466 itaque
1224 1395 1256 1449 et
1272 1386 1419 1449 consules
1441 1386 1554 1450 statim

395 1489 566 1573 magnifiee
581 1488 767 1552 uoluntaria
780 1488 943 1552 deditione
966 1489 1201 1572 turpitudinem
1223 1489 1359 1553 foederis
1382 1492 1551 1568 dirimunt,
1601 1473 1605 1483 ¹

395 1605 425 1657 et
446 1594 607 1658 ultionem
632 1594 784 1678 flagitans
804 1593 897 1658 miles
921 1594 1051 1678 Papirio
1073 1596 1155 1657 duee
1170 1632 1212 1642 -
1234 1594 1385 1657 horribile
1408 1596 1497 1659 dictu
1513 1636 1554 1643 -

346 1709 379 1760 1⁰
396 1699 514 1763 strictis
530 1700 660 1763 ensibus
675 1722 732 1783 per
747 1699 851 1783 ipsam
873 1700 963 1763 uiam
985 1710 1060 1763 ante
1081 1722 1225 1784 pugnam
1247 1700 1343 1776 inrit3
1368 1711 1400 1764 et
1421 1700 1456 1763 in
1478 1723 1552 1763 con-

395 1827 506 1888 gressu
522 1805 636 1869 arsisse
651 1806 797 1870 omnium
812 1807 920 1896 oculos
943 1805 1045 1871 hostis
1068 1817 1180 1869 auctor
1201 1806 1274 1869 suit.
1299 1829 1359 1899 nce
1374 1806 1462 1890 prius
1477 1807 1552 1871 finis

396 1910 545 1974 caedibus
572 1913 686 1988 datus,
721 1934 818 1994 quam
851 1912 966 1995 iugum
992 1922 1025 1975 et
1050 1910 1198 1976 hostibus
1226 1923 1257 1976 et
1285 1912 1359 1977 duci
1386 1923 1479 1997 capto
1505 1937 1552 1977 re-

396 2027 583 2100 posuerunt.

406 2284 490 2347 XII.
516 2285 702 2350 BELLVM
718 2285 963 2352 ETRVSCVM
980 2287 1272 2352 SAMNI'l'lOVM
1289 2287 1539 2353 GALLICVM.

348 2491 383 2543 15
398 2485 566 2547 Hactenus
596 2485 735 2567 populus
774 2487 942 2549 Romanus
978 2508 1053 2550 cum
1098 2486 1234 2569 singulis
1268 2486 1439 2570 gentibus,
1477 2507 1554 2548 mox
1575 2495 1611 2554 17

397 2589 588 2665 aceruatim3
621 2589 666 2653 sic
688 2613 815 2674 qnoque
837 2613 895 2674 par
917 2591 1066 2656 omnibus
1088 2591 1161 2655 fuit.
1199 2592 1410 2654 Etruscorum
1432 2592 1552 2653 duode-

399 2696 459 2760 cim
473 2695 608 2778 populi,
635 2696 750 2760 Vmbri
764 2696 799 2759 in
813 2696 848 2761 id
863 2709 990 2781 tempus
1012 2696 1145 2772 intacti,
1169 2696 1414 2779 antiquissimus
1438 2695 1553 2758 Italiae

397 2802 553 2885 populns,
582 2800 778 2865 Samnitium
801 2802 917 2885 reliqui
938 2802 973 2865 in
995 2801 1158 2866 excidium
1179 2801 1320 2866 Romani
1342 2801 1482 2866 nominis
1505 2823 1552 2865 re-

396 2918 492 2991 pente
509 2905 690 2969 coniurant.
716 2918 784 2970 erat
805 2919 904 2971 terror
924 2907 1040 2992 iugens
1063 2919 1112 2973 tot
1134 2909 1231 2974 simul
1253 2919 1483 2991 tantorumque
1497 2929 1553 2991 po-

349 3012 380 3067 20
394 3001 559 3097 pulcrum.
591 3012 655 3075 late
681 3033 738 3094 per
758 3012 921 3076 Etruriam
946 3013 1065 3078 infesta
1090 3025 1242 3097 quattuor
1267 3002 1435 3098 agminum
1461 3014 1555 3098 signa

395 3117 589 3183 uolitabant.
620 3116 779 3181 Ciminius
795 3116 926 3183 interim
940 3120 1042 3184 saltus
1057 3120 1092 3183 in
1107 3120 1225 3196 medio,
1242 3132 1317 3184 ante
1332 3120 1442 3183 iuuius
1458 3120 1555 3203 plane

394 3223 488 3309 quasi
505 3221 700 3287 Caledonius
716 3223 770 3285 uel
785 3223 990 3308 Hercynius,
1007 3227 1086 3290 adeo
1102 3236 1173 3288 tum
1189 3225 1301 3288 terrori
1316 3237 1384 3289 erat
1406 3236 1443 3289 ut
1465 3247 1555 3289 sena·

392 3342 447 3395 tus
463 3319 591 3393 consuli
606 3327 813 3402 denuntiaret
836 3351 878 3392 ne
902 3341 1031 3396 tantum
1045 3331 1181 3415 periculi
1196 3330 1321 3416 ingredi
1336 3334 1478 3394 auderet.
1508 3341 1556 3394 set

392 3436 480 3500 nihil
495 3436 613 3499 horum
628 3434 742 3498 terruit
763 3436 896 3511 ducem,
914 3434 993 3517 quin
1010 3436 1106 3500 fratre
1121 3439 1295 3520 praemisso
1310 3438 1490 3519 exploraret
1505 3459 1554 3499 ac·

346 3541 368 3592 ³⁵
393 3564 516 3607 cessus.
541 3540 597 3604 ille
612 3550 812 3622 pernoctem
826 3540 979 3622 pastorali
1001 3541 1116 3605 habitu
1137 3545 1321 3626 speculatus
1337 3541 1445 3604 omnia
1460 3541 1556 3604 refert

394 3660 508 3713 tutum
522 3645 595 3709 iter.
620 3645 666 3709 sic
683 3645 803 3709 Fabius
825 3645 990 3709 Maximus
1013 3648 1320 3729 periculosissimum
1341 3647 1464 3709 bellum
1486 3646 1556 3708 sine

393 3752 541 3837 periculo
564 3750 731 3835 explicuit.
769 3773 847 3815 nam
862 3750 985 3816 subito
1007 3752 1189 3816 inconditos
1212 3755 1316 3835 adque
1338 3750 1478 3836 palantis
1502 3752 1555 3814 ad·

404 3975 414 4025 l
438 3970 595 4041 turgulasN
615 3970 624 4041 11
637 3969 762 4041 gladesN
782 3968 791 4040 11
810 3969 932 4024 inlustris
950 3987 985 4023 ex
997 3970 1047 4022 hae
1064 3977 1146 4040 gente
1165 3970 1254 4023 clades
1273 3978 1340 4040 aput
1357 3970 1485 4024 caudinas
1504 3970 1560 4023 fur-

402 4056 476 4110 culas
488 4068 514 4109 N
525 4055 533 4126 11
548 4059 563 4107 2
576 4056 668 4108 clauso
679 4066 704 4109 N
715 4055 723 4125 11
738 4059 752 4107 3
764 4056 923 4109 occansione
934 4068 967 4120 B,
993 4054 1147 4108 occassione
1159 4054 1230 4125 111111
1250 4058 1265 4107 8
1279 4056 1442 4110 uolumtaria
1460 4068 1480 4110 B
1498 4056 1507 4125 11
1529 4057 1559 4108 10

400 4141 511 4195 structis
522 4153 543 4194 N
567 4140 576 4211 11
601 4140 668 4194 furit
681 4157 712 4203 ς.·
737 4138 859 4193 fuitum
877 4141 886 4211 11
907 4144 938 4193 15
956 4140 1058 4210 populo
1077 4158 1188 4193 romano
1200 4153 1236 4207 N,
1256 4153 1326 4194 cml
1342 4141 1351 4213 11
1369 4142 1491 4213 gentium
1502 4153 1525 4191 N
1538 4142 1547 4209 11

405 4228 436 4288 16
449 4225 614 4290 aceruatim
635 4224 674 4278 sie
685 4223 797 4294 serpat:
816 4225 964 4279 aceruatim
982 4224 1020 4278 sie
1040 4233 1131 4305 tamen
1143 4239 1177 4291 N,
1200 4226 1358 4280 cateruatim
1378 4226 1416 4278 sie
1433 4233 1523 4277 tamen
1535 4235 1557 4287 1,

402 4327 546 4381 aceruatim
559 4334 650 4380 tamen
662 4327 700 4381 sic
711 4338 736 4381 N
754 4325 762 4396 11
783 4328 815 4377 19
834 4306 1122 4381 coniuranteia‘t‘teh'iis
1140 4327 1237 4399 ingens
1254 4341 1273 4380 N
1292 4328 1301 4397 11
1321 4332 1353 4382 20
1366 4345 1382 4380 a
1393 4328 1476 4379 latere
1488 4332 1561 4378 etru-

408 4410 470 4465 riam
482 4411 609 4465 inlestam
622 4423 647 4464 N
657 4411 666 4481 11
679 4415 709 4465 21
724 4409 850 4465 ciminius
861 4431 895 4474 ς.·
908 4411 1043 4481 geminius
1054 4423 1112 4466 BIN
1122 4412 1131 4482 11
1145 4416 1177 4465 22
1190 4414 1349 4484 calydonius
1361 4412 1396 4475 11¹,
1411 4408 1561 4462 calidonius

407 4495 456 4547 1¹'N
466 4496 475 4566 11
494 4496 655 4566 herquinius
666 4496 728 4561 1111,
743 4496 889 4551 herennius
900 4498 939 4562 11',
954 4496 1091 4550 hercinius
1101 4508 1127 4549 N
1137 4497 1147 4566 11
1159 4504 1224 4551 tunc
1236 4511 1272 4564 N,
1286 4518 1328 4552 om
1340 4511 1355 4551 1
1366 4496 1375 4567 11
1388 4502 1493 4549 erantN
1506 4494 1515 4564 11
1529 4498 1558 4548 21

408 4581 525 4650 explorat
535 4593 561 4634 N
572 4580 581 4651 11
595 4585 626 4634 25
640 4582 759 4652 pastorio
770 4594 796 4638 N
806 4583 815 4653 11
827 4583 911 4637 refert
922 4589 982 4637 tum
994 4582 1047 4636 iter
1057 4594 1082 4637 N
1093 4584 1102 4652 11
1126 4586 1158 4637 16
1171 4583 1229 4638 sine
1242 4603 1284 4637 ona
1300 4595 1325 4637 N
1341 4582 1350 4652 11
1369 4586 1401 4635 27
1415 4580 1563 4651 explicauit

412 4674 432 4715 N
440 4664 449 4735 11
462 4667 585 4737 palantes
596 4679 631 4721 rr
642 4667 651 4737 1
