3809 5534
387 579 428 642 80
872 597 942 640 rvnr
959 596 1057 640 mom

387 748 457 812 siue
479 767 579 828 aequo
601 755 634 808 et
654 746 739 807 bono
762 745 877 808 ductus
888 793 898 822 ,
926 746 1002 828 quia
1027 747 1195 829 depulsam
1220 746 1304 829 agris
1328 746 1397 810 suis
1417 750 1547 831 plebem

388 854 556 916 miseratus
583 860 649 926 est,
677 872 717 912 ne
742 851 881 932 populus
909 850 1057 933 gentium
1077 851 1181 915 uictor
1206 851 1355 934 orbisque
1380 875 1545 935 possessor

388 959 507 1022 laribus
523 979 559 1019 ac
574 955 652 1018 focis
668 955 734 1018 suis
749 955 912 1032 exularet,
937 978 1137 1039 quacumque
1158 968 1267 1020 mente
1288 980 1358 1020 rem
1381 981 1483 1022 ausus
1498 960 1544 1021 in-

388 1075 518 1147 gentem
533 1073 592 1125 est.
621 1071 790 1143 postquam
804 1061 978 1143 rogationis
994 1063 1061 1125 dies
1077 1064 1187 1125 aderat
1201 1062 1327 1145 ingenti
1339 1064 1480 1147 stipatus
1493 1087 1543 1147 ag-

389 1171 476 1232 mine
484 1180 585 1232 rostra
598 1165 795 1241 conscendit,
808 1188 868 1229 nec
880 1169 989 1230 deerat
1001 1168 1098 1230 obuia
1108 1190 1207 1230 manu
1219 1178 1287 1231 tota
1293 1168 1371 1232 inde
1377 1170 1540 1234 nobilitas.
1574 1221 1576 1233 .

390 1286 422 1338 et
434 1274 555 1337 tribuni
569 1274 603 1335 in
618 1272 774 1355 partibus.
789 1282 838 1333 set
848 1271 905 1334 ubi
913 1272 1165 1336 intercedentem
1176 1273 1300 1358 legibus
1313 1274 1381 1337 suis
1395 1276 1435 1339 C.
1449 1277 1542 1339 Octa-

390 1380 481 1442 uium
496 1380 587 1442 uidet
602 1378 788 1452 Gracchus,
813 1388 923 1440 contra
938 1379 985 1440 fas
1002 1379 1130 1462 collegii
1144 1379 1223 1442 iuris
1237 1379 1410 1461 potestatis
1426 1381 1542 1444 iniecta

389 1500 488 1548 manu
503 1484 627 1567 depulit
641 1481 769 1557 rostris,
798 1484 939 1565 adeoque
961 1484 1122 1566 praesenti
1144 1495 1233 1547 metu
1253 1486 1365 1548 mortis
1390 1487 1543 1550 exterruit

390 1602 428 1654 ut
442 1590 588 1653 abdicare
604 1609 637 1650 se
651 1587 842 1669 magistratu
857 1599 1033 1671 cogeretur.
1066 1589 1112 1652 sic
1138 1589 1288 1652 triumuir
1312 1602 1439 1655 creatus
1463 1592 1541 1655 diui-

390 1696 502 1759 dendis
519 1694 602 1777 agris
629 1715 704 1755 cum
719 1694 759 1754 ad
781 1695 993 1775 perpetranda
1013 1706 1125 1778 coepta
1146 1695 1197 1758 die
1218 1694 1424 1759 comitiorum
1438 1720 1541 1781 proro-
1559 1713 1576 1762 11

389 1801 459 1884 gari
478 1800 540 1862 sibi
561 1799 661 1860 uellet
682 1796 871 1880 imperium,
897 1798 994 1861 obuia
1014 1800 1164 1861 nobilitas
1186 1820 1286 1861 manu
1308 1822 1440 1878 eorum,
1465 1825 1537 1886 quos

392 1906 475 1988 agris
497 1913 651 1967 mouerat.
682 1904 794 1965 caedes
816 1925 835 1966 a
855 1904 922 1966 foro
943 1904 1065 1986 coepit,
1090 1904 1165 1967 inde
1186 1926 1260 1967 cum
1289 1904 1324 1967 in
1346 1907 1537 1989 Capitolium

391 2009 584 2093 profugisset
597 2010 786 2091 plebemque
802 2009 843 2070 ad
858 2008 1077 2071 defensionem
1096 2009 1208 2072 salutis
1231 2032 1307 2073 suae
1329 2033 1433 2074 manu
1448 2024 1534 2095 caput

391 2126 527 2198 tangens
549 2114 747 2188 hortaretur,
771 2112 918 2195 praebuit
940 2113 1078 2196 speciem
1099 2136 1234 2196 regnum
1256 2115 1319 2179 sibi
1341 2126 1374 2180 et
1398 2117 1532 2181 diadema

389 2219 569 2304 poscentis,
593 2222 697 2302 adque
718 2218 765 2280 ita
787 2219 866 2280 duce
890 2218 1039 2300 Scipione
1060 2219 1197 2296 Nasica,
1221 2221 1384 2286 concitato
1406 2223 1442 2285 in
1456 2240 1530 2286 arma
1544 2234 1563 2282 u

389 2326 520 2410 populo,
539 2325 630 2408 quasi
645 2324 713 2386 iure
729 2344 896 2405 oppressus
913 2333 972 2386 est.

684 2579 750 2640 ΙΙΙ.
776 2577 960 2641 SEDITIO
975 2579 1012 2641 C.
1032 2578 1250 2644 GRACCHI.

271 2819 325 2874 111,
342 2802 380 2861 15
393 2800 512 2864 Statim
527 2810 558 2862 et
573 2797 685 2862 mortis
701 2809 733 2860 et
753 2798 863 2879 legum
877 2797 982 2860 fratris
999 2798 1050 2861 sui
1064 2799 1185 2862 uindex
1199 2822 1265 2862 non
1279 2800 1407 2866 minore
1421 2804 1530 2887 impetu

387 2906 523 2968 incaluit
538 2905 575 2967 C.
595 2903 771 2967 Gracchus.
798 2902 853 2983 qui
874 2925 948 2964 cum
967 2903 1036 2986 pari
1058 2906 1201 2968 tumultu
1223 2916 1319 2987 atque
1341 2917 1461 2973 terrore
1474 2912 1529 2994 ple

386 3013 461 3073 bem
474 3009 509 3071 in
525 3008 628 3070 auitos
645 3029 735 3090 agros
751 3019 940 3082 arcesseret,
965 3019 997 3070 et
1021 3021 1181 3072 recentem
1202 3011 1307 3074 Attali
1330 3012 1530 3077 hereditatem
1542 3017 1563 3069 ²⁰

386 3115 421 3178 in
450 3114 602 3177 alimenta
627 3115 746 3197 populo
781 3113 1000 3195 polliceretur,
1028 3114 1155 3197 iamque
1177 3114 1297 3179 nimius
1333 3128 1366 3181 et
1393 3118 1531 3203 inpotens

387 3222 486 3283 altero
502 3220 669 3281 tribunatu
684 3219 823 3281 secunda
838 3219 931 3299 plebe
946 3218 1114 3293 uolitaret,
1139 3220 1292 3302 obrogare
1315 3243 1395 3286 auso
1417 3225 1530 3308 legibus
1556 3234 1560 3245 '

358 3381 361 3391 ,
387 3325 454 3388 suis
470 3324 616 3387 Minucio
632 3324 777 3398 tribuno,
800 3323 898 3385 fretus
915 3322 1070 3385 comitum
1083 3346 1183 3386 manu
1197 3325 1294 3388 fatale
1309 3327 1452 3392 familiae
1466 3351 1531 3393 suae

387 3429 585 3514 Capitolium
598 3428 731 3490 inuasit.
756 3427 831 3488 inde
846 3427 1064 3509 proximorum
1083 3431 1178 3491 caede
1199 3430 1352 3511 depulsus
1368 3456 1445 3498 cum
1459 3458 1490 3498 se
1503 3436 1531 3496 in

385 3536 589 3598 Auentinum
615 3532 801 3615 recepisset,
831 3531 906 3594 inde
936 3556 1061 3615 quoque
1090 3534 1186 3597 obuia
1215 3547 1345 3600 senatus
1374 3561 1475 3602 manu
1498 3541 1530 3601 ah
1543 3545 1564 3595 11

386 3641 515 3723 Opimio
530 3639 667 3702 consule
690 3659 858 3721 oppressus
881 3648 939 3699 est.
965 3638 1161 3701 insultatum
1183 3662 1308 3722 quoque
1330 3645 1446 3708 mortis
1467 3646 1530 3708 reli·

386 3746 487 3827 quiis,
511 3756 543 3807 et
558 3745 639 3806 illud
660 3752 896 3805 sacrosanctum
917 3754 1014 3830 caput
1036 3743 1278 3828 tribuniplebis
1298 3752 1529 3830 percussoribus

385 3869 462 3910 auro
476 3858 691 3929 repensatum.

383 4207 398 4256 2
411 4219 492 4255 nemo
504 4218 565 4254 curn
577 4201 700 4271 gentium
712 4215 737 4254 N
747 4203 756 4272 l
770 4208 784 4255 3
798 4206 961 4260 exsolaretN
972 4207 981 4275 ll
994 4211 1010 4258 4
1022 4214 1063 4260 est
1074 4206 1217 4259 Halmius:
1236 4211 1284 4263 sed
1295 4224 1324 4276 B,
1338 4227 1417 4267 0an
1426 4216 1435 4286 ll
1448 4216 1530 4270 ederat

381 4301 401 4342 Β
414 4290 423 4358 l
436 4287 540 4340 acmine
551 4299 571 4339 Β
584 4288 592 4357 ll
607 4292 622 4340 6
635 4306 662 4357 g.
672 4297 695 4339 N
707 4288 716 4356 ll
731 4292 743 4338 1
758 4288 800 4340 ius
807 4291 981 4358 potestatisN
991 4290 999 4359 ll
1013 4291 1144 4345 infectaN
1154 4292 1162 4361 ll
1179 4295 1209 4346 10
1222 4302 1250 4345 at
1261 4312 1397 4366 perperna
1409 4299 1525 4371 ceptaBll

385 4376 413 4425 11
426 4373 558 4426 nobilium
571 4391 652 4425 manu
666 4386 842 4441 eorumqueN
853 4376 861 4444 ll
878 4375 1002 4444 l2caepit
1018 4387 1043 4426 N
1054 4377 1062 4445 ll
1076 4375 1170 4429 cedere
1183 4395 1199 4428 a
1211 4378 1270 4431 foro
1278 4383 1370 4451 coegit
1381 4386 1507 4439 Halmius
1518 4385 1525 4453 l

384 4461 414 4510 17
429 4458 462 4512 G.
477 4471 603 4512 artacem
616 4470 641 4510 Ν
652 4458 660 4526 Η
676 4460 706 4508 19
720 4455 744 4509 G
755 4469 797 4508 ΒΝ
810 4459 818 4527 l
832 4463 863 4510 20
874 4459 981 4512 adtaliB
994 4460 1002 4529 l
1017 4461 1046 4511 21
1062 4460 1187 4529 inpotens
1198 4464 1348 4519 Heinsius:
1360 4478 1458 4538 potens
1468 4481 1509 4523 BN
1517 4468 1524 4537 l

383 4545 414 4593 22
435 4542 565 4613 obrogare
586 4564 619 4605 ς.·
637 4541 778 4609 abrogare
796 4554 840 4595 ΒΝ
851 4544 859 4612 Η
873 4548 903 4595 23
923 4544 1039 4597 minutio
1057 4556 1102 4596 ΒΝ
1117 4546 1126 4615 {l
1146 4548 1285 4601 comitium
1305 4563 1325 4604 Β
1338 4552 1353 4622 ll
1365 4554 1474 4608 fatalem
1485 4565 1508 4606 Ν
1516 4553 1523 4620 fl

383 4627 414 4676 26
432 4628 542 4697 reliquis
561 4640 586 4682 Ν
603 4628 611 4697 ll
630 4632 672 4697 28Ἰ
682 4637 822 4697 pensatum
836 4638 876 4681 est
887 4641 913 4681 Ν
928 4629 937 4697 ΙΙ
1511 4655 1513 4660 ·
