3809 5534
421 603 460 662 tc
905 618 975 662 1vu1
992 618 1089 662 rnoar

419 790 499 844 nae,
524 767 641 851 direpti
659 766 808 831 ¹funditus
831 747 991 851 deletique
1011 768 1175 832 Veientes.
1217 767 1335 831 Falisci
1356 790 1431 833 cum
1455 770 1576 834 obside-

419 885 541 949 rentur,
558 873 640 936 mira
656 874 701 936 eis
716 873 788 936 uisa
801 874 881 937 fides
896 873 1116 956 imperatoris,
1141 896 1200 936 nec
1216 874 1384 951 inmerito,
1409 876 1497 958 quod
1511 874 1578 938 ludi

419 979 627 1063 magistrum,
660 979 747 1042 urbis
774 978 988 1061 proditorem,
1020 1001 1095 1042 cum
1116 979 1167 1043 his
1183 1002 1262 1062 quos
1278 982 1456 1044 adduxerat
1471 980 1576 1064 pueris

419 1085 567 1148 uinctum
579 1084 641 1146 sibi
653 1084 738 1147 ultro
750 1084 934 1147 remisisset.
950 1106 1021 1147 eam
1035 1107 1175 1168 namque
1190 1086 1242 1148 uir
1257 1098 1386 1149 sanctus
1403 1098 1436 1149 et
1452 1086 1577 1169 sapiens

418 1213 530 1253 ueram
545 1190 664 1253 sciebat
690 1211 758 1253 esse
785 1188 973 1266 uictoriam,
1001 1212 1083 1274 quae
1100 1192 1191 1254 salua
1205 1193 1268 1256 fide
1284 1204 1315 1255 et
1330 1193 1458 1275 integra
1473 1191 1575 1275 digni·
1594 1204 1607 1252 5

419 1307 485 1360 tate
499 1307 674 1379 pareretur.
714 1295 854 1358 Fidenae
869 1295 945 1378 quia
960 1317 1051 1378 pares
1067 1319 1132 1361 non
1148 1307 1240 1361 erant
1255 1298 1349 1373 ferro,
1367 1299 1408 1361 ad
1423 1307 1576 1360 terrorem

418 1404 614 1466 mouendum
636 1400 759 1464 facibus
781 1411 922 1464 armatae
942 1412 976 1464 et
994 1401 1204 1466 discoloribus
1227 1404 1424 1487 serpentium
1452 1402 1489 1465 in
1512 1424 1575 1466 mo

419 1511 497 1572 dum
517 1507 610 1571 uittis
632 1507 742 1570 furiali
764 1529 852 1570 more
874 1519 1112 1590 processerant3
1146 1512 1202 1572 sed
1231 1510 1362 1573 habitus
1390 1509 1447 1571 ille
1470 1507 1576 1572 feralis

419 1614 595 1677 euersionis
616 1634 713 1676 omen
734 1612 807 1675 fuit.
841 1613 903 1677 Vei
923 1623 1045 1695 quanta
1066 1636 1116 1677 res
1139 1615 1255 1691 fuerit,
1279 1615 1401 1677 indicet
1424 1613 1575 1677 decennis

376 1799 379 1803 ἡ
419 1719 553 1783 obsidio.
578 1730 650 1781 tum
664 1717 768 1801 primo
783 1717 963 1780 hiematum
983 1720 1043 1781 sub
1057 1719 1209 1802 pellibus,
1226 1730 1337 1783 taxata
1351 1720 1514 1803 stipendio
1528 1718 1574 1782 hi·
1593 1731 1613 1780 tt

417 1826 529 1900 berna,
547 1826 679 1886 adactus
694 1822 787 1885 miles
803 1845 862 1887 sua
877 1834 990 1906 sponte
1004 1823 1073 1887 iure
1095 1825 1231 1888 iurando
1254 1846 1295 1887 ne
1310 1824 1374 1888 nisi
1388 1836 1485 1908 capta
1499 1826 1575 1887 urbe

418 1940 583 1994 remearet.
603 1928 705 2012 spolia
720 1930 759 1992 de
783 1930 879 1991 Larte
896 1930 1070 1993 Tolumnio
1085 1932 1126 1994 ad
1141 1930 1320 1994 Feretrium
1341 1930 1509 2014 triumpho
1530 1952 1575 1993 re

418 2046 556 2119 portata.
574 2035 712 2117 denique
726 2056 794 2098 non
809 2033 904 2097 scalis
919 2057 980 2097 nec
994 2035 1198 2119 inruptione,
1216 2037 1272 2099 sed
1287 2036 1437 2099 cuniculo
1453 2047 1486 2099 et
1502 2037 1573 2099 sub

419 2141 573 2206 terraneis
594 2140 675 2204 dolis
696 2149 862 2223 peractum
884 2139 973 2203 urbis
1001 2140 1175 2204 excidium.
1206 2161 1245 2204 ea
1272 2141 1412 2224 denique
1433 2142 1507 2205 uisa
1527 2151 1574 2205 est

417 2250 554 2332 praedae
576 2245 787 2329 magnitudo,
813 2244 905 2306 cuius
928 2244 1052 2309 decima
1073 2245 1219 2329 Apollini
1239 2246 1360 2330 Pythio
1379 2247 1572 2323 mitteretur,
1591 2258 1603 2307 1

418 2354 652 2434 uniuersusque
677 2350 816 2433 populus
839 2351 1006 2413 Romanus
1029 2352 1070 2414 ad
1095 2351 1307 2435 direptionem
1332 2351 1422 2415 urbis
1445 2374 1572 2416 uocare·

418 2471 482 2523 tur.
507 2459 568 2521 hoc
584 2468 661 2520 tunc
676 2456 737 2521 Vei
758 2456 857 2518 fuere.
882 2477 970 2517 nunc
992 2456 1090 2519 brisso
1113 2457 1185 2540 quis
1207 2456 1375 2520 meminit?
1397 2479 1481 2540 quae
1503 2456 1571 2520 reli-

418 2563 531 2648 quiae?
555 2564 641 2646 quod
655 2559 850 2644 uestigium?
873 2560 998 2624 laborat
1008 2561 1179 2654 armalium
1194 2563 1292 2638 fides,
1309 2572 1346 2625 ut
1362 2563 1462 2626 Veios
1478 2562 1571 2626 fuisse

418 2672 596 2734 credamus.
940 2699 944 2704 ·

722 2906 802 2969 VII.
829 2905 1012 2968 BELLVM
1028 2906 1276 2971 GALLICVM.
1588 2918 1612 2967 Ε

362 3123 401 3184 13
419 3116 485 3179 Hic
501 3114 570 3179 siue
585 3112 710 3176 inuidia
725 3114 822 3176 deum
837 3113 907 3176 siue
921 3113 988 3178 fato
1003 3115 1225 3198 rapidissimus
1239 3118 1459 3200 procurrentis
1474 3118 1570 3202 impe'

418 3221 458 3284 rii
473 3243 584 3284 cursus
598 3240 771 3302 parumper
782 3219 952 3283 Gallorum
968 3220 1134 3284 Senonum
1148 3221 1330 3285 incursione
1346 3223 1567 3306 supprimitur.

417 3329 503 3410 quod
515 3337 641 3408 tempus
652 3325 772 3407 populo
783 3326 932 3388 Romano
946 3325 1055 3389 nescio
1065 3337 1176 3391 utrum
1187 3327 1277 3391 clade
1288 3328 1451 3393 funestius
1463 3329 1569 3405 fuerit,

417 3455 459 3496 an
474 3431 605 3495 uirtutis
621 3429 847 3513 experimentis
863 3431 1048 3514 speciosius.
1067 3454 1105 3495 ea
1120 3443 1205 3496 certe
1219 3433 1281 3497 fuit
1303 3434 1354 3497 uis
1376 3435 1569 3500 calamitatis

415 3551 452 3603 ut
467 3539 502 3602 in
522 3536 778 3621 experimentum
799 3535 934 3599 inlatam
954 3547 1067 3620 putem
1088 3538 1266 3615 diuinitus,
1290 3540 1370 3603 scira
1384 3541 1600 3605 uolentibust

414 3644 640 3709 inmortalibus
660 3641 729 3718 dis,
753 3663 796 3704 an
812 3643 962 3705 Romana
975 3642 1080 3707 uirtus
1095 3643 1266 3727 imperium
1281 3646 1366 3710 orbis
1380 3660 1566 3711 mereretur.

511 3745 530 3771 ‘¹
539 3748 628 3813 Galli
655 3749 822 3823 Senones,
859 3768 939 3829 gens
974 3761 1092 3812 natura
1119 3750 1233 3828 ferox,
1275 3752 1419 3817 moribus
1458 3754 1567 3818 incon-
1586 3751 1611 3813 I

416 3856 500 3932 dita,
529 3855 645 3917 adhoc
670 3853 739 3936 ipsa
765 3874 934 3935 corporum
959 3854 1062 3930 mole,
1093 3855 1226 3938 perinde
1248 3858 1344 3921 armis
1366 3858 1566 3943 ingentibus,

417 3962 495 4022 adeo
518 3959 604 4023 omni
626 3981 742 4041 genere
770 3958 920 4021 terribilis
952 3958 1015 4020 fuit
1046 3969 1084 4021 ut
1110 3961 1205 4042 plane
1231 3973 1309 4024 nata
1334 3964 1375 4026 ad
1398 3964 1568 4028 hominum

416 4266 424 4313 l
441 4263 565 4315 funditus
573 4261 877 4332 sallentinideletiqueB
889 4263 897 4333 Η
911 4264 1026 4333 phalisei
1036 4277 1056 4318 Β
1069 4264 1078 4334 ll
1091 4264 1326 4336 teisuisaacn‘ptr':
1340 4277 1382 4322 est
1390 4268 1452 4322 uisa
1462 4281 1491 4333 Β,
1506 4268 1562 4322 uisa

413 4355 453 4399 est
461 4359 486 4399 N
496 4347 505 4417 ll
518 4351 534 4400 6
547 4346 738 4417 parereturNb,
749 4354 912 4416 parareturB
925 4348 933 4418 ΙΙ
946 4349 998 4402 atb
1011 4349 1020 4420 ll
1034 4353 1048 4400 'l
1059 4358 1214 4419 serpentum
1225 4363 1250 4405 N
1261 4354 1269 4422 ll
1282 4352 1433 4407 immodum
1444 4367 1465 4407 Β
1477 4355 1487 4424 ll
1500 4352 1566 4407 duel

412 4443 437 4481 N
452 4431 461 4500 ll
475 4431 653 4484 inmodicatN
664 4432 671 4500 ll
689 4435 791 4484 ldtunc
803 4432 951 4502 primumN
962 4433 971 4503 ll
984 4435 1166 4507 suppelibusB
1179 4437 1187 4507 ll
1204 4440 1229 4489 11
1246 4455 1281 4490 ne
1293 4451 1364 4491 omN
1376 4439 1385 4510 ll
1402 4443 1432 4492 12
1445 4438 1564 4492 adFera·

412 4515 494 4567 trium
506 4515 644 4585 triumpho
657 4522 794 4584 reportata
806 4517 917 4586 scrrpsi:
936 4518 1043 4573 afferret
1060 4520 1227 4592 triumphum
1239 4531 1390 4592 reportaret
1405 4536 1434 4589 Β,
1449 4522 1486 4575 ad
1500 4522 1564 4575 fere·

413 4598 493 4651 trium
509 4608 646 4668 reportata
658 4612 682 4654 Ν
694 4601 703 4671 ll
719 4604 749 4652 15
762 4601 865 4654 decima
876 4601 973 4671 scripsi
979 4624 988 4655 .·
1006 4604 1125 4657 decimae
1136 4616 1181 4657 ΒΝ
1196 4606 1205 4676 ΙΙ
1223 4608 1376 4662 mitteretur
1387 4621 1424 4662 Β.·
1436 4609 1560 4662 mitterer

411 4690 456 4734 tur
466 4695 491 4735 Ν
501 4685 510 4753 ll
526 4687 555 4734 17
570 4685 614 4738 uel
625 4698 650 4738 Ν
660 4686 669 4755 Η
684 4687 715 4738 18
729 4687 836 4754 quodue
848 4699 873 4739 Ν
883 4687 892 4758 ll
905 4688 981 4740 ueios
995 4687 1033 4740 Na
1045 4689 1060 4740 b
1073 4689 1082 4759 ll
1095 4693 1125 4742 21
1140 4690 1256 4744 fatorum
1268 4702 1287 4743 Β
1300 4690 1309 4761 ΙΙ
1322 4694 1355 4744 25
1367 4691 1499 4750 inlatfiam
1510 4706 1529 4746 Β
1540 4694 1549 4762 ll
