3809 5534
758 604 906 646 serrone
918 606 947 659 r,
966 598 991 645 5.
1011 598 1026 645 t
1044 584 1101 668 [11.
1119 587 1176 670 12].
1515 594 1551 653 15

359 750 378 810 I
395 771 572 832 quoque-
594 772 652 833 pro
672 753 776 833 pudor
794 790 832 800 -
855 753 959 815 uictos
980 757 1058 817 adeo
1079 755 1200 837 gloriae
1222 757 1338 831 fuisse,
1363 768 1399 820 ut
1421 769 1551 840 captum

391 854 549 938 oppidum
564 856 678 919 Gneus
694 856 836 920 Marcius
852 858 1042 923 Coriolanus
1058 861 1150 942 quasi
1165 861 1379 924 Numantiam
1395 874 1451 925 aut
1465 864 1549 926 Afri-

394 982 465 1022 cam
487 960 621 1022 nomini·
642 961 800 1025 indueret.
832 975 945 1027 extant
967 977 999 1028 et
1023 977 1115 1048 parta
1135 968 1176 1028 de
1196 966 1297 1028 Antio
1318 966 1437 1049 spolia,
1468 990 1550 1050 quae

394 1065 545 1129 Maenius
556 1065 591 1128 in
603 1078 758 1150 suggestu
769 1068 830 1131 fori
841 1081 935 1152 capta
950 1070 1093 1133 hostium
1107 1072 1208 1134 classe
1224 1072 1430 1135 suffixit-si
1442 1084 1550 1137 tamen

367 1170 449 1234 tilla
464 1171 594 1247 classis,
611 1193 688 1235 nam
704 1194 760 1235 sex
775 1174 864 1237 fuere
879 1185 1045 1238 rostratae.
1071 1178 1127 1238 sed
1149 1175 1204 1238 hic
1226 1199 1379 1241 numerus
1401 1178 1466 1241 illis
1488 1179 1549 1242 ini-

395 1276 447 1340 tiis
461 1277 581 1340 nauale
596 1277 719 1340 bellum
733 1278 805 1341 fuit.
831 1280 1083 1361 penricacissimi
1106 1292 1214 1344 tamen
1230 1282 1421 1346 Latinomm
1444 1284 1549 1367 Aequi

394 1392 425 1445 et
453 1381 567 1446 Volsci
587 1381 676 1446 fuere
704 1393 737 1446 et
760 1384 932 1461 cotidiani,
959 1396 996 1448 ut
1020 1385 1066 1448 sic
1087 1376 1242 1462 dixerim,
1266 1387 1386 1451 hostes.
1413 1392 1468 1452 sed
1490 1390 1549 1453 hos

393 1485 565 1570 praecipue
582 1488 675 1552 Titus
691 1489 864 1556 Quinctius
880 1490 1023 1565 domuit,
1052 1490 1108 1553 ille
1123 1490 1259 1555 dictator
1281 1493 1321 1555 ab
1343 1505 1468 1569 aratro,
1493 1496 1549 1577 qui

393 1593 523 1656 obsessa
536 1603 569 1656 et
583 1615 685 1676 paene
700 1593 766 1656 iam
780 1607 874 1678 capta
889 1596 1007 1659 Manili
1029 1576 1170 1660 consulis
1185 1608 1290 1661 castra
1304 1598 1432 1681 egregia
1446 1599 1548 1663 uicto-

347 1707 377 1759 tt
394 1697 441 1761 ria
455 1699 668 1781 recuperavit.
691 1700 836 1775 medium
850 1713 919 1764 erat
933 1711 1061 1785 tempus
1076 1703 1158 1765 forte
1174 1704 1343 1780 sementis,
1361 1726 1436 1767 cum
1450 1705 1547 1788 patri·

393 1802 480 1867 oium
493 1803 603 1868 uirum
616 1805 767 1869 innixum
781 1818 885 1869 aratro
901 1830 960 1870 suo
974 1807 1067 1870 lictor
1081 1807 1116 1869 in
1131 1807 1200 1891 ipso
1217 1831 1310 1891 opere
1325 1810 1546 1893 deprehendit.

394 1908 469 1972 inde
484 1907 521 1971 in
536 1909 638 1972 aciem
658 1912 837 1992 profectus,
860 1912 983 1988 uictos,
1005 1912 1147 1995 nequid
1162 1935 1181 1975 a
1196 1914 1308 1978 rustici
1322 1916 1426 1998 operis
1442 1915 1547 1978 imita-

394 2014 481 2078 tione
497 2025 654 2091 cessaret,
677 2037 764 2079 more
779 2019 941 2100 pecudum
956 2019 1016 2081 sub
1030 2018 1145 2101 iugum
1159 2019 1258 2082 misit.
1284 2020 1330 2083 sic
1345 2019 1548 2103 expeditione

392 2120 487 2183 finita
507 2120 603 2183 rediit
624 2123 666 2184 ad
685 2124 783 2185 boues
806 2145 916 2186 rursus
941 2121 1145 2203 triumphalis
1166 2123 1306 2205 agricola
1321 2161 1361 2173 —
1377 2127 1474 2188 fidem
1489 2147 1548 2187 nu-

355 2224 374 2288 ‘t
393 2225 521 2290 minum
533 2249 656 2308 —qua
675 2228 861 2290 velocitate!
886 2228 973 2290 intra
994 2227 1178 2310 quindecim
1198 2229 1265 2292 dies
1287 2240 1436 2312 coeptum
1458 2252 1547 2313 pera-

393 2343 545 2414 ctumque
560 2332 700 2407 bellum,
716 2354 845 2415 prorsus
861 2345 898 2396 ut
913 2331 1081 2396 festinasse
1097 2331 1234 2397 dictator
1248 2336 1289 2398 ad
1304 2334 1453 2398 relictum
1467 2357 1547 2417 opus

347 2431 586 2522 'l]uideretur.⁸⁸

403 2694 465 2758 VI.
490 2695 676 2758 BELLVM
692 2697 788 2759 cVM
804 2697 1024 2760 ETRVSCIS
1040 2696 1242 2759 FALISCIS
1260 2695 1534 2760 VEIENTIBVS

813 2802 1130 2866 FIDENATIBVS.

347 3021 374 3071 ro
392 3007 532 3072 Adsidui
547 3030 624 3072 uero
639 3021 672 3072 et
693 3010 905 3073 anniuersarii
924 3011 1033 3073 hostes
1055 3011 1095 3073 ab
1117 3009 1247 3072 Etruria
1268 3011 1356 3073 fuere
1375 3010 1543 3086 Veientes3
1569 3023 1606 3081 12

392 3116 472 3178 adeo
486 3124 525 3177 ut
540 3115 827 3178 extraordinariam
846 3137 980 3179 manum
1003 3117 1156 3179 aduersus
1174 3136 1228 3177 eos
1243 3114 1425 3197 promiserit
1439 3114 1547 3197 priua-

392 3229 527 3301 tamque
542 3219 675 3302 gesserit
689 3222 812 3284 bellum
826 3243 906 3304 gens
921 3243 987 3284 una
1002 3221 1186 3284 Fabiorum.
1205 3219 1282 3283 satis
1299 3242 1455 3303 superque
1470 3232 1549 3284 nota

393 3324 512 3388 clades.
545 3324 630 3388 caesi
651 3335 729 3408 aput
751 3326 936 3389 Cremeram
961 3325 1108 3401 trecenti,
1139 3324 1293 3407 patricius
1313 3325 1489 3400 exercitus3
1515 3326 1548 3388 id

393 3429 547 3492 scelerato
573 3429 681 3513 signat
701 3429 832 3493 nomine
859 3453 940 3513 quae
961 3431 1198 3513 proficiscentes
1220 3430 1256 3492 in
1276 3431 1434 3512 proelium
1455 3443 1548 3513 porta

347 3545 375 3596 25
393 3534 528 3599 dimisit.
547 3537 603 3598 sed
618 3557 656 3598 ea
669 3535 777 3598 clades
791 3535 977 3623 ingentibus
993 3535 1122 3617 expiata
1135 3534 1291 3610 uictoriis,
1307 3546 1478 3618 postquam
1492 3559 1550 3618 per

394 3640 474 3704 alios
489 3642 594 3723 adque
609 3640 688 3704 alios
703 3641 926 3705 robustissima
941 3651 1035 3725 capta
1050 3651 1126 3703 sunt
1148 3639 1284 3721 oppida,
1307 3640 1397 3703 uario
1420 3641 1549 3723 quidem

393 3756 526 3809 euentu.
550 3745 669 3809 Falisci
683 3769 717 3809 se
732 3757 846 3829 sponte
868 3747 1077 3822 dedidemnt,
1100 3754 1258 3808 crematae
1280 3767 1338 3808 suo
1359 3745 1434 3829 igne
1456 3747 1548 3809 Fide-

398 4068 408 4117 1
423 4066 515 4120 uictus
526 4063 574 4118 ΒΙῙΙ
586 4064 595 4134 ΙΙ
614 4064 714 4134 glariae
727 4065 742 4118 ὂ
755 4065 764 4136 Η
778 4069 793 4118 3
806 4065 916 4119 nomine
927 4079 947 4119 B
960 4067 969 4136 11
982 4066 1094 4119 induere
1105 4078 1138 4129 Β,
1153 4064 1273 4118 induerit
1282 4065 1326 4128 1¹²,
1342 4066 1482 4119 induceret
1493 4077 1518 4118 N
1529 4067 1538 4134 ss

393 4150 530 4204 lmenius
541 4163 564 4214 Ι,
577 4151 718 4206 menenius
730 4162 763 4214 Β,
776 4150 919 4203 moenibus
937 4162 963 4203 N
980 4150 989 4219 ΙΙ
1007 4158 1119 4219 sugestu
1137 4150 1152 4201 d
1172 4150 1180 4219 Η
1201 4154 1215 4202 5
1236 4150 1311 4204 fuere
1330 4150 1403 4203 solae
1420 4157 1551 4202 rostratae

394 4247 419 4287 N
429 4236 438 4306 l
451 4236 497 4289 hie
508 4252 551 4287 om
561 4247 582 4287 Β
594 4235 603 4304 ΙΙ
623 4240 637 4288 7
651 4235 739 4289 uulsci
749 4247 769 4288 Β
788 4235 797 4304 l
818 4234 982 4305 quottidiani
993 4246 1012 4286 Β
1026 4234 1034 4302 ll
1047 4241 1075 4287 et
1086 4247 1101 4286 Ι
1119 4234 1127 4303 l
1147 4234 1195 4286 sed
1212 4234 1263 4286 hos
1275 4253 1316 4286 om
1327 4247 1346 4287 Β
1366 4233 1375 4303 tl
1395 4236 1410 4286 9
1422 4233 1516 4285 manlii
1526 4245 1548 4295 Ι,

395 4320 477 4374 marci
489 4318 593 4372 mamili
603 4332 629 4372 N
639 4319 647 4389 l
661 4319 770 4390 egregia
781 4319 884 4373 uirtute
895 4318 1016 4373 seruauit
1027 4329 1053 4369 N
1063 4317 1071 4386 11
1087 4319 1115 4370 11
1131 4316 1164 4369 ab
1176 4324 1264 4370 aratro
1272 4329 1297 4369 N
1307 4316 1316 4385 l
1331 4320 1361 4369 12
1374 4317 1461 4370 uictos
1473 4335 1515 4368 om
1527 4329 1549 4381 Ι,

389 4409 453 4473 post
464 4407 722 4477 cessarctpom'tNlt
745 4409 775 4458 13
788 4405 827 4458 sic
839 4416 908 4456 orn]
924 4404 933 4474 Η
951 4401 1178 4472 expeditioneque
1197 4403 1238 4472 111
1260 4406 1290 4453 14
1309 4401 1380 4455 redit
1398 4401 1452 4454 JPN
1469 4401 1478 4471 ΙΙ
1498 4400 1551 4453 fide

395 4488 449 4543 1¹’N
460 4489 470 4560 ΙΙ
486 4492 517 4541 18
530 4504 671 4545 runrscvn
683 4505 719 4545 nr
731 4500 905 4544 mensumn
916 4487 925 4558 11
937 4499 1089 4540 eninrsms
1100 4498 1120 4541 Β
1133 4486 1142 4557 l
1157 4489 1349 4540 renarrans
1360 4499 1379 4539 Β
1392 4487 1400 4556 l
1414 4489 1446 4538 23
1455 4487 1554 4540 idonea

396 4573 486 4630 clades
496 4586 523 4628 N
532 4574 542 4644 ΙΙ
555 4574 584 4628 id
594 4574 706 4645 ammai.-
719 4575 741 4629 it
751 4588 779 4639 Β,
793 4582 821 4628 et
831 4587 857 4627 N
866 4576 876 4644 fl
889 4577 922 4625 24
935 4571 1042 4642 signata
1053 4583 1078 4624 N
1089 4573 1098 4640 fl
1118 4573 1151 4622 26
1163 4570 1230 4623 alios
1243 4570 1324 4623 duces
1335 4582 1361 4622 N
1372 4571 1380 4641 ΙΙ
1394 4575 1425 4623 21
1440 4571 1554 4642 phalisci

396 4670 415 4708 Β
427 4659 436 4728 l
449 4658 562 4712 cremati
573 4672 597 4712 N
608 4660 618 4731 u
630 4659 833 4728 fidenidaerepti
847 4659 870 4722 b,
886 4657 989 4711 fidenae
1003 4655 1123 4725 daerepti
1134 4668 1161 4718 Β,
1181 4656 1311 4708 fidenates
1323 4655 1394 4724 rapti
1405 4667 1430 4707 N
1441 4655 1449 4725 ΙΙ
