<?xml version="1.0" encoding="UTF-8"?>
<!DOCTYPE html PUBLIC "-//W3C//DTD XHTML 1.0 Transitional//EN"
    "http://www.w3.org/TR/xhtml1/DTD/xhtml1-transitional.dtd">
<html xmlns="http://www.w3.org/1999/xhtml" xml:lang="en" lang="en">
 <head>
  <title>
</title>
<meta http-equiv="Content-Type" content="text/html;charset=utf-8" />
  <meta name='ocr-system' content='tesseract 3.04.00' />
  <meta name='ocr-capabilities' content='ocr_page ocr_carea ocr_par ocr_line ocrx_word'/>
</head>
<body>
  <div class='ocr_page' id='page_1' title='image "./iulifloriepitom00florgoog_0175.png"; bbox 0 0 3809 5534; ppageno 0'>
   <div class='ocr_carea' id='block_1_1' title="bbox 691 612 1531 699">
    <p class='ocr_par' dir='ltr' id='par_1_1' title="bbox 691 612 1531 699">
     <span class='ocr_line' id='line_1_1' title="bbox 691 612 1531 699; baseline 0.004 -23"><span class='ocrx_word' id='word_1_1' title='bbox 691 631 840 677; x_wconf 74' lang='lat' dir='ltr'><strong>arraona</strong></span> <span class='ocrx_word' id='word_1_2' title='bbox 856 630 896 688; x_wconf 83' lang='lat'><strong>11,</strong></span> <span class='ocrx_word' id='word_1_3' title='bbox 914 622 1026 674; x_wconf 76' lang='lat'><strong>24-29</strong></span> <span class='ocrx_word' id='word_1_4' title='bbox 1044 612 1127 698; x_wconf 90' lang='lat'><strong>[1111,</strong></span> <span class='ocrx_word' id='word_1_5' title='bbox 1146 613 1204 699; x_wconf 81' lang='lat'><strong>12].</strong></span> <span class='ocrx_word' id='word_1_6' title='bbox 1471 618 1531 680; x_wconf 88' lang='grc'><strong>117</strong></span> 
     </span>
    </p>
   </div>
   <div class='ocr_carea' id='block_1_2' title="bbox 378 775 1531 1187">
    <p class='ocr_par' dir='ltr' id='par_1_2' title="bbox 378 775 1531 1187">
     <span class='ocr_line' id='line_1_2' title="bbox 378 775 1531 869; baseline 0 -20"><span class='ocrx_word' id='word_1_7' title='bbox 378 807 444 849; x_wconf 89' lang='lat' dir='ltr'><strong>nere</strong></span> <span class='ocrx_word' id='word_1_8' title='bbox 455 791 646 869; x_wconf 87' lang='lat' dir='ltr'><strong>potuerunt.</strong></span> <span class='ocrx_word' id='word_1_9' title='bbox 660 803 727 847; x_wconf 89' lang='lat' dir='ltr'><strong>non</strong></span> <span class='ocrx_word' id='word_1_10' title='bbox 739 781 911 846; x_wconf 89' lang='lat' dir='ltr'><strong>minimum</strong></span> <span class='ocrx_word' id='word_1_11' title='bbox 923 775 1051 846; x_wconf 81' lang='lat' dir='ltr'><strong>terroris</strong></span> <span class='ocrx_word' id='word_1_12' title='bbox 1063 783 1199 848; x_wconf 79' lang='lat' dir='ltr'><strong>incussit</strong></span> <span class='ocrx_word' id='word_1_13' title='bbox 1210 784 1354 849; x_wconf 87' lang='lat' dir='ltr'><strong>barbaris</strong></span> <span class='ocrx_word' id='word_1_14' title='bbox 1364 785 1531 850; x_wconf 81' lang='lat' dir='ltr'><strong>Comidius</strong></span> 
     </span>
     <span class='ocr_line' id='line_1_3' title="bbox 380 888 1529 973; baseline 0.003 -19"><span class='ocrx_word' id='word_1_15' title='bbox 380 889 516 955; x_wconf 88' lang='lat' dir='ltr'><strong>centurio</strong></span> <span class='ocrx_word' id='word_1_16' title='bbox 538 888 618 953; x_wconf 89' lang='lat' dir='ltr'><strong>satis</strong></span> <span class='ocrx_word' id='word_1_17' title='bbox 638 888 810 965; x_wconf 87' lang='lat' dir='ltr'><strong>barbarae,</strong></span> <span class='ocrx_word' id='word_1_18' title='bbox 835 888 972 952; x_wconf 89' lang='lat' dir='ltr'><strong>efficacis</strong></span> <span class='ocrx_word' id='word_1_19' title='bbox 988 900 1100 952; x_wconf 90' lang='lat' dir='ltr'><strong>tamen</strong></span> <span class='ocrx_word' id='word_1_20' title='bbox 1115 901 1193 973; x_wconf 89' lang='lat' dir='ltr'><strong>aput</strong></span> <span class='ocrx_word' id='word_1_21' title='bbox 1209 891 1288 955; x_wconf 89' lang='lat' dir='ltr'><strong>tales</strong></span> <span class='ocrx_word' id='word_1_22' title='bbox 1302 891 1450 957; x_wconf 91' lang='lat' dir='ltr'><strong>homines</strong></span> <span class='ocrx_word' id='word_1_23' title='bbox 1466 904 1529 958; x_wconf 90' lang='lat' dir='ltr'><strong>sto·</strong></span> 
     </span>
     <span class='ocr_line' id='line_1_4' title="bbox 378 994 1531 1082; baseline 0.003 -22"><span class='ocrx_word' id='word_1_24' title='bbox 378 995 505 1060; x_wconf 84' lang='lat' dir='ltr'><strong>liditatis</strong></span> <span class='ocrx_word' id='word_1_25' title='bbox 515 1042 527 1072; x_wconf 92' lang='lat'><strong>,</strong></span> <span class='ocrx_word' id='word_1_26' title='bbox 555 994 613 1078; x_wconf 94' lang='lat' dir='ltr'><strong>qui</strong></span> <span class='ocrx_word' id='word_1_27' title='bbox 640 995 783 1058; x_wconf 88' lang='lat' dir='ltr'><strong>foculum</strong></span> <span class='ocrx_word' id='word_1_28' title='bbox 804 1016 918 1078; x_wconf 84' lang='lat' dir='ltr'><strong>gerens</strong></span> <span class='ocrx_word' id='word_1_29' title='bbox 940 1016 1037 1078; x_wconf 90' lang='lat' dir='ltr'><strong>super</strong></span> <span class='ocrx_word' id='word_1_30' title='bbox 1057 996 1231 1074; x_wconf 82' lang='lat' dir='ltr'><strong>cassidem,</strong></span> <span class='ocrx_word' id='word_1_31' title='bbox 1260 996 1419 1082; x_wconf 80' lang='lat' dir='ltr'><strong>agitatrnn</strong></span> <span class='ocrx_word' id='word_1_32' title='bbox 1439 1009 1531 1063; x_wconf 92' lang='lat' dir='ltr'><strong>motu</strong></span> 
     </span>
     <span class='ocr_line' id='line_1_5' title="bbox 379 1100 1281 1187; baseline -0.001 -20"><span class='ocrx_word' id='word_1_33' title='bbox 379 1100 522 1187; x_wconf 87' lang='lat' dir='ltr'><strong>corporis,</strong></span> <span class='ocrx_word' id='word_1_34' title='bbox 540 1101 705 1166; x_wconf 87' lang='lat' dir='ltr'><strong>flammam</strong></span> <span class='ocrx_word' id='word_1_35' title='bbox 720 1102 812 1164; x_wconf 90' lang='lat' dir='ltr'><strong>uelut</strong></span> <span class='ocrx_word' id='word_1_36' title='bbox 826 1100 952 1165; x_wconf 82' lang='lat' dir='ltr'><strong>ardenti</strong></span> <span class='ocrx_word' id='word_1_37' title='bbox 967 1100 1071 1184; x_wconf 87' lang='lat' dir='ltr'><strong>capite</strong></span> <span class='ocrx_word' id='word_1_38' title='bbox 1086 1102 1281 1167; x_wconf 77' lang='lat' dir='ltr'><strong>funditabat.</strong></span> 
     </span>
    </p>
   </div>
   <div class='ocr_carea' id='block_1_3' title="bbox 356 1356 1285 1423">
    <p class='ocr_par' dir='ltr' id='par_1_3' title="bbox 356 1356 1285 1423">
     <span class='ocr_line' id='line_1_6' title="bbox 356 1356 1285 1423; baseline 0 -4"><span class='ocrx_word' id='word_1_39' title='bbox 356 1370 365 1419; x_wconf 83' lang='lat' dir='ltr'><strong>t</strong></span> <span class='ocrx_word' id='word_1_40' title='bbox 619 1356 772 1423; x_wconf 88' lang='lat' dir='ltr'><strong>XXVII.</strong></span> <span class='ocrx_word' id='word_1_41' title='bbox 797 1356 984 1423; x_wconf 89' lang='lat' dir='ltr'>BELLVM</span> <span class='ocrx_word' id='word_1_42' title='bbox 1000 1357 1285 1423; x_wconf 83' lang='lat' dir='ltr'><strong>THRACICVM.</strong></span> 
     </span>
    </p>
   </div>
   <div class='ocr_carea' id='block_1_4' title="bbox 346 1557 1529 2066">
    <p class='ocr_par' dir='ltr' id='par_1_4' title="bbox 380 1557 1528 1641">
     <span class='ocr_line' id='line_1_7' title="bbox 380 1557 1528 1641; baseline -0.002 -18"><span class='ocrx_word' id='word_1_43' title='bbox 380 1559 510 1623; x_wconf 83' lang='lat' dir='ltr'><strong>Thraces</strong></span> <span class='ocrx_word' id='word_1_44' title='bbox 527 1566 624 1621; x_wconf 88' lang='lat' dir='ltr'><strong>antea</strong></span> <span class='ocrx_word' id='word_1_45' title='bbox 638 1578 732 1640; x_wconf 89' lang='lat' dir='ltr'><strong>saepe</strong></span> <span class='ocrx_word' id='word_1_46' title='bbox 747 1567 780 1621; x_wconf 89' lang='lat' dir='ltr'><strong>et</strong></span> <span class='ocrx_word' id='word_1_47' title='bbox 795 1567 865 1621; x_wconf 93' lang='lat' dir='ltr'><strong>tum</strong></span> <span class='ocrx_word' id='word_1_48' title='bbox 885 1557 1026 1621; x_wconf 87' lang='lat' dir='ltr'><strong>maxime</strong></span> <span class='ocrx_word' id='word_1_49' title='bbox 1041 1558 1271 1622; x_wconf 78' lang='lat' dir='ltr'>Rhoemetalce</span> <span class='ocrx_word' id='word_1_50' title='bbox 1292 1579 1365 1641; x_wconf 89' lang='lat' dir='ltr'><strong>rege</strong></span> <span class='ocrx_word' id='word_1_51' title='bbox 1387 1558 1528 1622; x_wconf 89' lang='lat' dir='ltr'><strong>desciue-</strong></span> 
     </span>
    </p>

    <p class='ocr_par' dir='ltr' id='par_1_5' title="bbox 380 1662 1529 1747">
     <span class='ocr_line' id='line_1_8' title="bbox 380 1662 1529 1747; baseline -0.002 -18"><span class='ocrx_word' id='word_1_52' title='bbox 380 1677 450 1729; x_wconf 87' lang='lat' dir='ltr'><strong>rant.</strong></span> <span class='ocrx_word' id='word_1_53' title='bbox 470 1664 529 1728; x_wconf 87' lang='lat' dir='ltr'><strong>ille</strong></span> <span class='ocrx_word' id='word_1_54' title='bbox 540 1664 691 1727; x_wconf 89' lang='lat' dir='ltr'><strong>barbaros</strong></span> <span class='ocrx_word' id='word_1_55' title='bbox 703 1673 735 1727; x_wconf 91' lang='lat' dir='ltr'><strong>et</strong></span> <span class='ocrx_word' id='word_1_56' title='bbox 747 1663 847 1747; x_wconf 89' lang='lat' dir='ltr'><strong>signis</strong></span> <span class='ocrx_word' id='word_1_57' title='bbox 863 1663 1056 1728; x_wconf 89' lang='lat' dir='ltr'><strong>militaribus</strong></span> <span class='ocrx_word' id='word_1_58' title='bbox 1072 1674 1104 1728; x_wconf 91' lang='lat' dir='ltr'><strong>et</strong></span> <span class='ocrx_word' id='word_1_59' title='bbox 1119 1662 1301 1747; x_wconf 85' lang='lat' dir='ltr'><strong>disciplina,</strong></span> <span class='ocrx_word' id='word_1_60' title='bbox 1319 1664 1415 1728; x_wconf 87' lang='lat' dir='ltr'><strong>armis</strong></span> <span class='ocrx_word' id='word_1_61' title='bbox 1432 1664 1529 1728; x_wconf 86' lang='lat' dir='ltr'><strong>etiam</strong></span> 
     </span>
    </p>

    <p class='ocr_par' dir='ltr' id='par_1_6' title="bbox 380 1769 1529 1855">
     <span class='ocr_line' id='line_1_9' title="bbox 380 1769 1529 1855; baseline -0.003 -18"><span class='ocrx_word' id='word_1_62' title='bbox 380 1770 530 1837; x_wconf 87' lang='lat' dir='ltr'><strong>Romanis</strong></span> <span class='ocrx_word' id='word_1_63' title='bbox 547 1770 757 1846; x_wconf 84' lang='lat' dir='ltr'><strong>adsueuerat3</strong></span> <span class='ocrx_word' id='word_1_64' title='bbox 782 1779 830 1833; x_wconf 90' lang='lat' dir='ltr'><strong>set</strong></span> <span class='ocrx_word' id='word_1_65' title='bbox 846 1792 865 1831; x_wconf 91' lang='lat' dir='ltr'><strong>a</strong></span> <span class='ocrx_word' id='word_1_66' title='bbox 880 1769 999 1834; x_wconf 87' lang='lat' dir='ltr'><strong>Pisone</strong></span> <span class='ocrx_word' id='word_1_67' title='bbox 1014 1769 1185 1854; x_wconf 83' lang='lat' dir='ltr'><strong>perdomiti</strong></span> <span class='ocrx_word' id='word_1_68' title='bbox 1204 1769 1239 1832; x_wconf 93' lang='lat' dir='ltr'><strong>in</strong></span> <span class='ocrx_word' id='word_1_69' title='bbox 1256 1769 1326 1853; x_wconf 89' lang='lat' dir='ltr'><strong>ipsa</strong></span> <span class='ocrx_word' id='word_1_70' title='bbox 1340 1770 1529 1855; x_wconf 83' lang='lat' dir='ltr'><strong>captiuitate</strong></span> 
     </span>
    </p>

    <p class='ocr_par' dir='ltr' id='par_1_7' title="bbox 346 1874 1527 2066">
     <span class='ocr_line' id='line_1_10' title="bbox 379 1874 1527 1962; baseline -0.002 -20"><span class='ocrx_word' id='word_1_71' title='bbox 379 1878 492 1942; x_wconf 85' lang='lat' dir='ltr'><strong>rabiem</strong></span> <span class='ocrx_word' id='word_1_72' title='bbox 519 1876 700 1939; x_wconf 90' lang='lat' dir='ltr'><strong>ostendere.</strong></span> <span class='ocrx_word' id='word_1_73' title='bbox 737 1874 855 1959; x_wconf 91' lang='lat' dir='ltr'><strong>quippe</strong></span> <span class='ocrx_word' id='word_1_74' title='bbox 881 1899 957 1940; x_wconf 89' lang='lat' dir='ltr'><strong>cum</strong></span> <span class='ocrx_word' id='word_1_75' title='bbox 983 1887 1111 1940; x_wconf 88' lang='lat' dir='ltr'><strong>catenas</strong></span> <span class='ocrx_word' id='word_1_76' title='bbox 1138 1876 1295 1941; x_wconf 85' lang='lat' dir='ltr'><strong>morsibus</strong></span> <span class='ocrx_word' id='word_1_77' title='bbox 1323 1887 1527 1962; x_wconf 85' lang='lat' dir='ltr'><strong>temptarent,</strong></span> 
     </span>
     <span class='ocr_line' id='line_1_11' title="bbox 346 1981 924 2066; baseline 0.007 -26"><span class='ocrx_word' id='word_1_78' title='bbox 346 1983 533 2048; x_wconf 76' lang='lat' dir='ltr'><strong>retentatam</strong></span> <span class='ocrx_word' id='word_1_79' title='bbox 548 2004 642 2045; x_wconf 89' lang='lat' dir='ltr'><strong>suam</strong></span> <span class='ocrx_word' id='word_1_80' title='bbox 656 1981 718 2066; x_wconf 89' lang='lat' dir='ltr'><strong>ipsi</strong></span> <span class='ocrx_word' id='word_1_81' title='bbox 733 1981 924 2066; x_wconf 85' lang='lat' dir='ltr'><strong>puniebant.</strong></span> 
     </span>
    </p>
   </div>
   <div class='ocr_carea' id='block_1_5' title="bbox 640 2238 1261 2305">
    <p class='ocr_par' dir='ltr' id='par_1_8' title="bbox 640 2238 1261 2305">
     <span class='ocr_line' id='line_1_12' title="bbox 640 2238 1261 2305; baseline -0.003 -2"><span class='ocrx_word' id='word_1_82' title='bbox 640 2239 812 2305; x_wconf 89' lang='lat' dir='ltr'><strong>XXVIII.</strong></span> <span class='ocrx_word' id='word_1_83' title='bbox 838 2239 1026 2305; x_wconf 90' lang='lat' dir='ltr'>BELLVM</span> <span class='ocrx_word' id='word_1_84' title='bbox 1041 2238 1261 2304; x_wconf 82' lang='lat' dir='ltr'><strong>DACICVM.</strong></span> 
     </span>
    </p>
   </div>
   <div class='ocr_carea' id='block_1_6' title="bbox 346 2437 1531 3052">
    <p class='ocr_par' dir='ltr' id='par_1_9' title="bbox 377 2437 1531 2737">
     <span class='ocr_line' id='line_1_13' title="bbox 378 2437 1530 2524; baseline -0.001 -18"><span class='ocrx_word' id='word_1_85' title='bbox 378 2442 452 2506; x_wconf 90' lang='lat' dir='ltr'><strong>Daci</strong></span> <span class='ocrx_word' id='word_1_86' title='bbox 466 2438 635 2504; x_wconf 88' lang='lat' dir='ltr'><strong>montibus</strong></span> <span class='ocrx_word' id='word_1_87' title='bbox 650 2438 830 2502; x_wconf 84' lang='lat' dir='ltr'><strong>inhaerent.</strong></span> <span class='ocrx_word' id='word_1_88' title='bbox 856 2438 931 2501; x_wconf 90' lang='lat' dir='ltr'><strong>inde</strong></span> <span class='ocrx_word' id='word_1_89' title='bbox 947 2437 1110 2502; x_wconf 84' lang='lat' dir='ltr'><strong>Cotisonis</strong></span> <span class='ocrx_word' id='word_1_90' title='bbox 1133 2438 1216 2522; x_wconf 90' lang='lat' dir='ltr'><strong>regis</strong></span> <span class='ocrx_word' id='word_1_91' title='bbox 1232 2438 1366 2522; x_wconf 88' lang='lat' dir='ltr'><strong>imperio</strong></span> <span class='ocrx_word' id='word_1_92' title='bbox 1381 2440 1530 2524; x_wconf 87' lang='lat' dir='ltr'><strong>quotiens</strong></span> 
     </span>
     <span class='ocr_line' id='line_1_14' title="bbox 379 2544 1531 2630; baseline -0.004 -16"><span class='ocrx_word' id='word_1_93' title='bbox 379 2559 543 2614; x_wconf 87' lang='lat' dir='ltr'><strong>concretus</strong></span> <span class='ocrx_word' id='word_1_94' title='bbox 564 2545 641 2630; x_wconf 87' lang='lat' dir='ltr'><strong>gelu</strong></span> <span class='ocrx_word' id='word_1_95' title='bbox 663 2544 836 2608; x_wconf 88' lang='lat' dir='ltr'><strong>Danuuius</strong></span> <span class='ocrx_word' id='word_1_96' title='bbox 859 2544 1009 2607; x_wconf 85' lang='lat' dir='ltr'><strong>iunxerat</strong></span> <span class='ocrx_word' id='word_1_97' title='bbox 1030 2544 1116 2627; x_wconf 86' lang='lat' dir='ltr'><strong>ripas</strong></span> <span class='ocrx_word' id='word_1_98' title='bbox 1144 2546 1310 2609; x_wconf 85' lang='lat' dir='ltr'><strong>decurrere</strong></span> <span class='ocrx_word' id='word_1_99' title='bbox 1332 2546 1478 2609; x_wconf 89' lang='lat' dir='ltr'><strong>solebant</strong></span> <span class='ocrx_word' id='word_1_100' title='bbox 1498 2558 1531 2609; x_wconf 91' lang='lat' dir='ltr'><strong>ct</strong></span> 
     </span>
     <span class='ocr_line' id='line_1_15' title="bbox 377 2637 1529 2737; baseline -0.006 -17"><span class='ocrx_word' id='word_1_101' title='bbox 377 2655 480 2720; x_wconf 91' lang='lat' dir='ltr'><strong>uicina</strong></span> <span class='ocrx_word' id='word_1_102' title='bbox 495 2650 654 2737; x_wconf 90' lang='lat' dir='ltr'><strong>populari.</strong></span> <span class='ocrx_word' id='word_1_103' title='bbox 678 2650 788 2714; x_wconf 90' lang='lat' dir='ltr'><strong>uisum</strong></span> <span class='ocrx_word' id='word_1_104' title='bbox 809 2637 858 2713; x_wconf 82' lang='lat' dir='ltr'><strong>est</strong></span> <span class='ocrx_word' id='word_1_105' title='bbox 881 2649 1012 2713; x_wconf 83' lang='lat' dir='ltr'><strong>Caesari</strong></span> <span class='ocrx_word' id='word_1_106' title='bbox 1026 2651 1174 2733; x_wconf 88' lang='lat' dir='ltr'><strong>Augusto</strong></span> <span class='ocrx_word' id='word_1_107' title='bbox 1196 2660 1327 2733; x_wconf 83' lang='lat' dir='ltr'><strong>gentem</strong></span> <span class='ocrx_word' id='word_1_108' title='bbox 1343 2652 1433 2715; x_wconf 89' lang='lat' dir='ltr'><strong>aditu</strong></span> <span class='ocrx_word' id='word_1_109' title='bbox 1448 2652 1529 2714; x_wconf 92' lang='lat' dir='ltr'><strong>diffi-</strong></span> 
     </span>
    </p>

    <p class='ocr_par' dir='ltr' id='par_1_10' title="bbox 346 2754 1529 3052">
     <span class='ocr_line' id='line_1_16' title="bbox 346 2754 1529 2840; baseline -0.003 -17"><span class='ocrx_word' id='word_1_110' title='bbox 346 2766 364 2817; x_wconf 78' lang='lat' dir='ltr'><strong>lt</strong></span> <span class='ocrx_word' id='word_1_111' title='bbox 378 2762 529 2826; x_wconf 89' lang='lat' dir='ltr'><strong>cillimam</strong></span> <span class='ocrx_word' id='word_1_112' title='bbox 543 2779 757 2822; x_wconf 87' lang='lat' dir='ltr'><strong>summouere.</strong></span> <span class='ocrx_word' id='word_1_113' title='bbox 775 2756 873 2820; x_wconf 90' lang='lat' dir='ltr'><strong>misso</strong></span> <span class='ocrx_word' id='word_1_114' title='bbox 889 2754 990 2840; x_wconf 89' lang='lat' dir='ltr'><strong>igitur</strong></span> <span class='ocrx_word' id='word_1_115' title='bbox 1004 2756 1145 2820; x_wconf 87' lang='lat' dir='ltr'><strong>Lentulo</strong></span> <span class='ocrx_word' id='word_1_116' title='bbox 1162 2756 1246 2819; x_wconf 89' lang='lat' dir='ltr'><strong>ultra</strong></span> <span class='ocrx_word' id='word_1_117' title='bbox 1261 2757 1445 2820; x_wconf 87' lang='lat' dir='ltr'><strong>ulteriorem</strong></span> <span class='ocrx_word' id='word_1_118' title='bbox 1459 2778 1529 2839; x_wconf 89' lang='lat' dir='ltr'><strong>per-</strong></span> 
     </span>
     <span class='ocr_line' id='line_1_17' title="bbox 377 2860 1528 2950; baseline -0.005 -18"><span class='ocrx_word' id='word_1_119' title='bbox 377 2868 455 2950; x_wconf 90' lang='lat' dir='ltr'><strong>pulit</strong></span> <span class='ocrx_word' id='word_1_120' title='bbox 471 2866 593 2949; x_wconf 82' lang='lat' dir='ltr'><strong>ripam3</strong></span> <span class='ocrx_word' id='word_1_121' title='bbox 611 2864 691 2927; x_wconf 87' lang='lat' dir='ltr'><strong>citra</strong></span> <span class='ocrx_word' id='word_1_122' title='bbox 705 2862 864 2947; x_wconf 89' lang='lat' dir='ltr'><strong>praesidia</strong></span> <span class='ocrx_word' id='word_1_123' title='bbox 878 2860 1065 2925; x_wconf 90' lang='lat' dir='ltr'><strong>constituta.</strong></span> <span class='ocrx_word' id='word_1_124' title='bbox 1084 2862 1130 2927; x_wconf 92' lang='lat' dir='ltr'><strong>sic</strong></span> <span class='ocrx_word' id='word_1_125' title='bbox 1145 2873 1216 2927; x_wconf 93' lang='lat' dir='ltr'><strong>tum</strong></span> <span class='ocrx_word' id='word_1_126' title='bbox 1230 2863 1334 2927; x_wconf 84' lang='lat' dir='ltr'><strong>Dacia</strong></span> <span class='ocrx_word' id='word_1_127' title='bbox 1348 2886 1414 2928; x_wconf 92' lang='lat' dir='ltr'><strong>non</strong></span> <span class='ocrx_word' id='word_1_128' title='bbox 1429 2863 1528 2939; x_wconf 89' lang='lat' dir='ltr'><strong>uicta,</strong></span> 
     </span>
     <span class='ocr_line' id='line_1_18' title="bbox 378 2968 906 3052; baseline -0.013 -15"><span class='ocrx_word' id='word_1_129' title='bbox 378 2976 428 3038; x_wconf 86' lang='lat' dir='ltr'><strong>sed</strong></span> <span class='ocrx_word' id='word_1_130' title='bbox 443 2981 606 3039; x_wconf 89' lang='lat' dir='ltr'><strong>summota</strong></span> <span class='ocrx_word' id='word_1_131' title='bbox 621 2981 717 3052; x_wconf 86' lang='lat' dir='ltr'><strong>atque</strong></span> <span class='ocrx_word' id='word_1_132' title='bbox 732 2968 833 3033; x_wconf 89' lang='lat' dir='ltr'><strong>dilata</strong></span> <span class='ocrx_word' id='word_1_133' title='bbox 847 2977 906 3031; x_wconf 91' lang='lat' dir='ltr'><strong>cst.</strong></span> 
     </span>
    </p>
   </div>
   <div class='ocr_carea' id='block_1_7' title="bbox 586 3223 1318 3290">
    <p class='ocr_par' dir='ltr' id='par_1_11' title="bbox 586 3223 1318 3290">
     <span class='ocr_line' id='line_1_19' title="bbox 586 3223 1318 3290; baseline -0.001 -2"><span class='ocrx_word' id='word_1_134' title='bbox 586 3223 777 3288; x_wconf 91' lang='lat' dir='ltr'><strong>XXVIIII.</strong></span> <span class='ocrx_word' id='word_1_135' title='bbox 802 3223 988 3288; x_wconf 88' lang='lat' dir='ltr'>BELLVM</span> <span class='ocrx_word' id='word_1_136' title='bbox 1004 3223 1318 3290; x_wconf 78' lang='lat' dir='ltr'><strong>SARMATICVM.</strong></span> 
     </span>
    </p>
   </div>
   <div class='ocr_carea' id='block_1_8' title="bbox 346 3422 1532 3830">
    <p class='ocr_par' dir='ltr' id='par_1_12' title="bbox 378 3422 1531 3509">
     <span class='ocr_line' id='line_1_20' title="bbox 378 3422 1531 3509; baseline -0.007 -16"><span class='ocrx_word' id='word_1_137' title='bbox 378 3428 541 3493; x_wconf 84' lang='lat' dir='ltr'><strong>Sarmatae</strong></span> <span class='ocrx_word' id='word_1_138' title='bbox 573 3422 758 3508; x_wconf 86' lang='lat' dir='ltr'><strong>patentibus</strong></span> <span class='ocrx_word' id='word_1_139' title='bbox 784 3422 905 3506; x_wconf 87' lang='lat' dir='ltr'><strong>campis</strong></span> <span class='ocrx_word' id='word_1_140' title='bbox 935 3423 1130 3507; x_wconf 87' lang='lat' dir='ltr'><strong>inequitant.</strong></span> <span class='ocrx_word' id='word_1_141' title='bbox 1169 3438 1201 3488; x_wconf 91' lang='lat' dir='ltr'><strong>et</strong></span> <span class='ocrx_word' id='word_1_142' title='bbox 1227 3425 1285 3487; x_wconf 88' lang='lat' dir='ltr'><strong>hos</strong></span> <span class='ocrx_word' id='word_1_143' title='bbox 1312 3447 1368 3509; x_wconf 91' lang='lat' dir='ltr'><strong>per</strong></span> <span class='ocrx_word' id='word_1_144' title='bbox 1393 3426 1531 3486; x_wconf 84' lang='lat' dir='ltr'><strong>emrdem</strong></span> 
     </span>
    </p>

    <p class='ocr_par' dir='ltr' id='par_1_13' title="bbox 346 3527 1532 3830">
     <span class='ocr_line' id='line_1_21' title="bbox 346 3527 1530 3615; baseline -0.008 -16"><span class='ocrx_word' id='word_1_145' title='bbox 346 3537 362 3589; x_wconf 70' lang='lat' dir='ltr'><strong>l⁰</strong></span> <span class='ocrx_word' id='word_1_146' title='bbox 376 3535 551 3599; x_wconf 86' lang='lat' dir='ltr'><strong>Lentulum</strong></span> <span class='ocrx_word' id='word_1_147' title='bbox 567 3530 733 3615; x_wconf 89' lang='lat' dir='ltr'><strong>prohibere</strong></span> <span class='ocrx_word' id='word_1_148' title='bbox 745 3529 898 3593; x_wconf 90' lang='lat' dir='ltr'><strong>Danuuio</strong></span> <span class='ocrx_word' id='word_1_149' title='bbox 913 3530 991 3594; x_wconf 89' lang='lat' dir='ltr'><strong>satis</strong></span> <span class='ocrx_word' id='word_1_150' title='bbox 1011 3530 1085 3593; x_wconf 85' lang='lat' dir='ltr'><strong>fuit.</strong></span> <span class='ocrx_word' id='word_1_151' title='bbox 1103 3530 1187 3592; x_wconf 88' lang='lat' dir='ltr'><strong>nihil</strong></span> <span class='ocrx_word' id='word_1_152' title='bbox 1201 3538 1326 3612; x_wconf 88' lang='lat' dir='ltr'><strong>praeter</strong></span> <span class='ocrx_word' id='word_1_153' title='bbox 1337 3528 1429 3591; x_wconf 86' lang='lat' dir='ltr'><strong>niues</strong></span> <span class='ocrx_word' id='word_1_154' title='bbox 1444 3527 1530 3612; x_wconf 88' lang='lat' dir='ltr'><strong>prui-</strong></span> 
     </span>
     <span class='ocr_line' id='line_1_22' title="bbox 375 3634 1532 3726; baseline -0.006 -22"><span class='ocrx_word' id='word_1_155' title='bbox 375 3664 496 3726; x_wconf 87' lang='lat' dir='ltr'><strong>nasque</strong></span> <span class='ocrx_word' id='word_1_156' title='bbox 521 3649 555 3703; x_wconf 88' lang='lat' dir='ltr'><strong>et</strong></span> <span class='ocrx_word' id='word_1_157' title='bbox 569 3638 668 3703; x_wconf 88' lang='lat' dir='ltr'><strong>siluas</strong></span> <span class='ocrx_word' id='word_1_158' title='bbox 691 3636 823 3699; x_wconf 88' lang='lat' dir='ltr'><strong>habent.</strong></span> <span class='ocrx_word' id='word_1_159' title='bbox 848 3646 940 3700; x_wconf 89' lang='lat' dir='ltr'><strong>tanta</strong></span> <span class='ocrx_word' id='word_1_160' title='bbox 960 3634 1107 3700; x_wconf 87' lang='lat' dir='ltr'><strong>barbaria</strong></span> <span class='ocrx_word' id='word_1_161' title='bbox 1126 3646 1174 3700; x_wconf 91' lang='lat' dir='ltr'><strong>est</strong></span> <span class='ocrx_word' id='word_1_162' title='bbox 1200 3645 1238 3698; x_wconf 90' lang='lat' dir='ltr'><strong>ut</strong></span> <span class='ocrx_word' id='word_1_163' title='bbox 1257 3656 1317 3697; x_wconf 90' lang='lat' dir='ltr'><strong>nec</strong></span> <span class='ocrx_word' id='word_1_164' title='bbox 1340 3635 1532 3718; x_wconf 87' lang='lat' dir='ltr'><strong>intellegant</strong></span> 
     </span>
     <span class='ocr_line' id='line_1_23' title="bbox 375 3769 495 3830; baseline -0.025 -17"><span class='ocrx_word' id='word_1_165' title='bbox 375 3769 495 3830; x_wconf 88' lang='lat' dir='ltr'><strong>pacem.</strong></span> 
     </span>
    </p>
   </div>
   <div class='ocr_carea' id='block_1_9' title="bbox 372 4037 1534 4395">
    <p class='ocr_par' dir='ltr' id='par_1_14' title="bbox 372 4037 1534 4395">
     <span class='ocr_line' id='line_1_24' title="bbox 378 4037 1534 4138; baseline -0.004 -16"><span class='ocrx_word' id='word_1_166' title='bbox 378 4074 388 4122; x_wconf 95' lang='grc'><strong>1</strong></span> <span class='ocrx_word' id='word_1_167' title='bbox 404 4069 546 4126; x_wconf 85' lang='lat' dir='ltr'><strong>Comidius</strong></span> <span class='ocrx_word' id='word_1_168' title='bbox 558 4065 768 4119; x_wconf 78' lang='lat' dir='ltr'><strong>Morcnasenias:</strong></span> <span class='ocrx_word' id='word_1_169' title='bbox 782 4037 918 4119; x_wconf 71' lang='lat' dir='ltr'><strong>domidius</strong></span> <span class='ocrx_word' id='word_1_170' title='bbox 935 4077 971 4131; x_wconf 82' lang='lat' dir='ltr'><strong>B,</strong></span> <span class='ocrx_word' id='word_1_171' title='bbox 991 4065 1135 4119; x_wconf 88' lang='lat' dir='ltr'><strong>chonidius</strong></span> <span class='ocrx_word' id='word_1_172' title='bbox 1154 4079 1179 4119; x_wconf 99' lang='lat' dir='ltr'><em>N</em></span> <span class='ocrx_word' id='word_1_173' title='bbox 1189 4066 1198 4136; x_wconf 72' lang='lat' dir='ltr'><strong>ll</strong></span> <span class='ocrx_word' id='word_1_174' title='bbox 1212 4069 1227 4119; x_wconf 83' lang='lat'>2</span> <span class='ocrx_word' id='word_1_175' title='bbox 1246 4073 1314 4137; x_wconf 88' lang='lat' dir='ltr'><strong>aput</strong></span> <span class='ocrx_word' id='word_1_176' title='bbox 1325 4084 1402 4138; x_wconf 85' lang='lat' dir='ltr'><strong>pares</strong></span> <span class='ocrx_word' id='word_1_177' title='bbox 1421 4079 1447 4119; x_wconf 95' lang='lat' dir='ltr'><em>N</em></span> <span class='ocrx_word' id='word_1_178' title='bbox 1457 4067 1466 4136; x_wconf 71' lang='lat' dir='ltr'><strong>{l</strong></span> <span class='ocrx_word' id='word_1_179' title='bbox 1479 4073 1534 4118; x_wconf 87' lang='lat' dir='ltr'><strong>sto·</strong></span> 
     </span>
     <span class='ocr_line' id='line_1_25' title="bbox 374 4148 1534 4223; baseline -0.008 -13"><span class='ocrx_word' id='word_1_180' title='bbox 374 4155 495 4210; x_wconf 88' lang='lat' dir='ltr'><strong>liditates</strong></span> <span class='ocrx_word' id='word_1_181' title='bbox 509 4154 533 4218; x_wconf 80' lang='lat' dir='ltr'><strong>d,</strong></span> <span class='ocrx_word' id='word_1_182' title='bbox 549 4148 706 4206; x_wconf 86' lang='lat' dir='ltr'><strong>stodilitatis</strong></span> <span class='ocrx_word' id='word_1_183' title='bbox 717 4162 743 4203; x_wconf 95' lang='lat' dir='ltr'><em>N</em></span> <span class='ocrx_word' id='word_1_184' title='bbox 753 4149 762 4220; x_wconf 72' lang='lat' dir='ltr'><strong>ll</strong></span> <span class='ocrx_word' id='word_1_185' title='bbox 775 4152 790 4202; x_wconf 88' lang='lat'><strong>3</strong></span> <span class='ocrx_word' id='word_1_186' title='bbox 804 4150 935 4204; x_wconf 88' lang='lat' dir='ltr'><strong>cassidem</strong></span> <span class='ocrx_word' id='word_1_187' title='bbox 947 4151 1103 4205; x_wconf 82' lang='lat' dir='ltr'><strong>suscitatam</strong></span> <span class='ocrx_word' id='word_1_188' title='bbox 1122 4158 1198 4205; x_wconf 92' lang='lat' dir='ltr'><strong>motu</strong></span> <span class='ocrx_word' id='word_1_189' title='bbox 1215 4165 1241 4205; x_wconf 95' lang='lat' dir='ltr'><em>N</em></span> <span class='ocrx_word' id='word_1_190' title='bbox 1252 4152 1290 4223; x_wconf 56' lang='lat' dir='ltr'><strong>ll</strong></span> <span class='ocrx_word' id='word_1_191' title='bbox 1310 4150 1443 4206; x_wconf 80' lang='lat' dir='ltr'><strong>fundebat</strong></span> <span class='ocrx_word' id='word_1_192' title='bbox 1460 4161 1486 4203; x_wconf 94' lang='lat' dir='ltr'><em>N</em></span> <span class='ocrx_word' id='word_1_193' title='bbox 1496 4149 1504 4219; x_wconf 76' lang='grc' dir='ltr'><em>Η</em></span> <span class='ocrx_word' id='word_1_194' title='bbox 1519 4153 1534 4201; x_wconf 84' lang='grc'>5</span> 
     </span>
     <span class='ocr_line' id='line_1_26' title="bbox 372 4233 1534 4305; baseline -0.009 -9"><span class='ocrx_word' id='word_1_195' title='bbox 372 4254 489 4295; x_wconf 71' lang='lat' dir='ltr'>BELLVM</span> <span class='ocrx_word' id='word_1_196' title='bbox 502 4248 672 4292; x_wconf 75' lang='lat' dir='ltr'><strong>rnalcmvu</strong></span> <span class='ocrx_word' id='word_1_197' title='bbox 685 4253 727 4287; x_wconf 88' lang='lat' dir='ltr'><strong>om</strong></span> <span class='ocrx_word' id='word_1_198' title='bbox 743 4247 769 4288; x_wconf 95' lang='lat' dir='ltr'><em>N</em></span> <span class='ocrx_word' id='word_1_199' title='bbox 779 4233 787 4305; x_wconf 75' lang='lat' dir='ltr'>ss</span> <span class='ocrx_word' id='word_1_200' title='bbox 801 4238 817 4288; x_wconf 84' lang='grc'>6</span> <span class='ocrx_word' id='word_1_201' title='bbox 836 4237 1176 4290; x_wconf 67' lang='lat' dir='ltr'><strong>curassemuiuaxmn</strong></span> <span class='ocrx_word' id='word_1_202' title='bbox 1197 4250 1318 4292; x_wconf 79' lang='lat' dir='ltr'><strong>D101rvu</strong></span> <span class='ocrx_word' id='word_1_203' title='bbox 1336 4246 1534 4290; x_wconf 74' lang='lat' dir='ltr'><strong>nuscwuasur</strong></span> 
     </span>
     <span class='ocr_line' id='line_1_27' title="bbox 373 4313 1533 4395; baseline -0.009 -14"><span class='ocrx_word' id='word_1_204' title='bbox 373 4338 442 4381; x_wconf 74' lang='lat' dir='ltr'><strong>ILLE</strong></span> <span class='ocrx_word' id='word_1_205' title='bbox 454 4337 481 4379; x_wconf 95' lang='lat' dir='ltr'><em>N</em></span> <span class='ocrx_word' id='word_1_206' title='bbox 491 4324 500 4395; x_wconf 70' lang='lat' dir='ltr'><strong>ll</strong></span> <span class='ocrx_word' id='word_1_207' title='bbox 514 4329 542 4376; x_wconf 89' lang='lat' dir='ltr'><strong>et</strong></span> <span class='ocrx_word' id='word_1_208' title='bbox 553 4320 661 4375; x_wconf 71' lang='lat' dir='ltr'><strong>addidi:</strong></span> <span class='ocrx_word' id='word_1_209' title='bbox 684 4339 726 4373; x_wconf 87' lang='lat' dir='ltr'><strong>om</strong></span> <span class='ocrx_word' id='word_1_210' title='bbox 737 4332 782 4373; x_wconf 84' lang='lat' dir='ltr'><strong>BN</strong></span> <span class='ocrx_word' id='word_1_211' title='bbox 792 4319 800 4391; x_wconf 72' lang='lat' dir='ltr'><strong>ll</strong></span> <span class='ocrx_word' id='word_1_212' title='bbox 813 4320 1000 4375; x_wconf 80' lang='lat' dir='ltr'><strong>rhemetalceB</strong></span> <span class='ocrx_word' id='word_1_213' title='bbox 1013 4320 1022 4391; x_wconf 72' lang='grc'><strong>11</strong></span> <span class='ocrx_word' id='word_1_214' title='bbox 1033 4318 1109 4375; x_wconf 84' lang='lat' dir='ltr'><strong>‘tunc</strong></span> <span class='ocrx_word' id='word_1_215' title='bbox 1122 4329 1212 4375; x_wconf 85' lang='lat' dir='ltr'><strong>tamen</strong></span> <span class='ocrx_word' id='word_1_216' title='bbox 1224 4322 1386 4375; x_wconf 86' lang='lat' dir='ltr'><strong>romaetalca</strong></span> <span class='ocrx_word' id='word_1_217' title='bbox 1397 4313 1533 4389; x_wconf 84' lang='lat' dir='ltr'><strong>regnante&#39;</strong></span> 
     </span>
    </p>
   </div>
   <div class='ocr_carea' id='block_1_10' title="bbox 373 4404 1622 4481">
    <p class='ocr_par' dir='ltr' id='par_1_15' title="bbox 373 4404 1622 4481">
     <span class='ocr_line' id='line_1_28' title="bbox 373 4404 1622 4481; baseline -0.007 -15"><span class='ocrx_word' id='word_1_218' title='bbox 373 4411 408 4481; x_wconf 73' lang='lat' dir='ltr'><strong>Ill</strong></span> <span class='ocrx_word' id='word_1_219' title='bbox 423 4416 437 4464; x_wconf 85' lang='grc'><strong>’1</strong></span> <span class='ocrx_word' id='word_1_220' title='bbox 451 4408 583 4463; x_wconf 88' lang='lat' dir='ltr'><strong>barbarus</strong></span> <span class='ocrx_word' id='word_1_221' title='bbox 595 4419 620 4461; x_wconf 93' lang='lat' dir='ltr'><em>N</em></span> <span class='ocrx_word' id='word_1_222' title='bbox 630 4406 639 4478; x_wconf 74' lang='lat' dir='ltr'><strong>ll</strong></span> <span class='ocrx_word' id='word_1_223' title='bbox 655 4409 682 4459; x_wconf 91' lang='lat'><strong>11</strong></span> <span class='ocrx_word' id='word_1_224' title='bbox 697 4418 813 4460; x_wconf 74' lang='lat' dir='ltr'><strong>BELLVM</strong></span> <span class='ocrx_word' id='word_1_225' title='bbox 826 4417 955 4458; x_wconf 77' lang='lat' dir='ltr'><strong>DA01cvM</strong></span> <span class='ocrx_word' id='word_1_226' title='bbox 967 4423 1009 4456; x_wconf 88' lang='lat' dir='ltr'><strong>om</strong></span> <span class='ocrx_word' id='word_1_227' title='bbox 1020 4405 1065 4478; x_wconf 73' lang='lat' dir='ltr'><strong>NH</strong></span> <span class='ocrx_word' id='word_1_228' title='bbox 1081 4410 1111 4460; x_wconf 80' lang='lat'><strong>12</strong></span> <span class='ocrx_word' id='word_1_229' title='bbox 1124 4406 1188 4460; x_wconf 91' lang='lat' dir='ltr'><strong>inde</strong></span> <span class='ocrx_word' id='word_1_230' title='bbox 1201 4425 1242 4459; x_wconf 91' lang='lat' dir='ltr'><strong>om</strong></span> <span class='ocrx_word' id='word_1_231' title='bbox 1254 4418 1279 4461; x_wconf 94' lang='lat' dir='ltr'><em>N</em></span> <span class='ocrx_word' id='word_1_232' title='bbox 1290 4407 1298 4476; x_wconf 74' lang='lat' dir='ltr'><strong>ll</strong></span> <span class='ocrx_word' id='word_1_233' title='bbox 1312 4404 1432 4477; x_wconf 85' lang='lat' dir='ltr'><strong>gotisoni</strong></span> <span class='ocrx_word' id='word_1_234' title='bbox 1447 4418 1466 4457; x_wconf 82' lang='lat' dir='ltr'><strong>a</strong></span> <span class='ocrx_word' id='word_1_235' title='bbox 1479 4404 1488 4475; x_wconf 75' lang='lat' dir='ltr'><strong>ll</strong></span> <span class='ocrx_word' id='word_1_236' title='bbox 1505 4406 1534 4457; x_wconf 84' lang='lat'><strong>13</strong></span> <span class='ocrx_word' id='word_1_237' title='bbox 1616 4419 1622 4436; x_wconf 68' lang='lat'>²</span> 
     </span>
    </p>
   </div>
   <div class='ocr_carea' id='block_1_11' title="bbox 373 4490 1537 4736">
    <p class='ocr_par' dir='ltr' id='par_1_16' title="bbox 373 4490 1537 4736">
     <span class='ocr_line' id='line_1_29' title="bbox 374 4490 1535 4565; baseline -0.007 -15"><span class='ocrx_word' id='word_1_238' title='bbox 374 4496 504 4550; x_wconf 86' lang='lat' dir='ltr'><strong>uinxcrat</strong></span> <span class='ocrx_word' id='word_1_239' title='bbox 515 4505 541 4546; x_wconf 95' lang='lat' dir='ltr'><em>N</em></span> <span class='ocrx_word' id='word_1_240' title='bbox 551 4492 559 4565; x_wconf 74' lang='lat' dir='ltr'><strong>ll</strong></span> <span class='ocrx_word' id='word_1_241' title='bbox 576 4496 606 4545; x_wconf 85' lang='grc'><strong>14</strong></span> <span class='ocrx_word' id='word_1_242' title='bbox 619 4500 736 4563; x_wconf 86' lang='lat' dir='ltr'><strong>augusto</strong></span> <span class='ocrx_word' id='word_1_243' title='bbox 748 4503 788 4544; x_wconf 91' lang='lat' dir='ltr'><strong>N:</strong></span> <span class='ocrx_word' id='word_1_244' title='bbox 807 4507 862 4560; x_wconf 81' lang='lat' dir='ltr'><strong>aug</strong></span> <span class='ocrx_word' id='word_1_245' title='bbox 875 4490 904 4554; x_wconf 86' lang='lat' dir='ltr'><strong>b,</strong></span> <span class='ocrx_word' id='word_1_246' title='bbox 928 4497 976 4542; x_wconf 88' lang='lat' dir='ltr'><strong>aut</strong></span> <span class='ocrx_word' id='word_1_247' title='bbox 993 4503 1013 4543; x_wconf 79' lang='grc' dir='ltr'><strong><em>Β</em></strong></span> <span class='ocrx_word' id='word_1_248' title='bbox 1026 4491 1034 4562; x_wconf 72' lang='lat' dir='ltr'><strong>ll</strong></span> <span class='ocrx_word' id='word_1_249' title='bbox 1048 4491 1213 4546; x_wconf 87' lang='lat' dir='ltr'><strong>dificilimam</strong></span> <span class='ocrx_word' id='word_1_250' title='bbox 1232 4505 1251 4545; x_wconf 79' lang='lat' dir='ltr'><em>B</em></span> <span class='ocrx_word' id='word_1_251' title='bbox 1264 4490 1274 4561; x_wconf 76' lang='lat' dir='ltr'><strong>l</strong></span> <span class='ocrx_word' id='word_1_252' title='bbox 1289 4495 1320 4544; x_wconf 84' lang='lat'><strong>15</strong></span> <span class='ocrx_word' id='word_1_253' title='bbox 1332 4491 1433 4563; x_wconf 86' lang='lat' dir='ltr'><strong>repulit</strong></span> <span class='ocrx_word' id='word_1_254' title='bbox 1444 4502 1468 4545; x_wconf 95' lang='lat' dir='ltr'><em>N</em></span> <span class='ocrx_word' id='word_1_255' title='bbox 1479 4491 1489 4561; x_wconf 73' lang='lat' dir='ltr'><strong>ll</strong></span> <span class='ocrx_word' id='word_1_256' title='bbox 1503 4494 1535 4543; x_wconf 84' lang='grc'><strong>16</strong></span> 
     </span>
     <span class='ocr_line' id='line_1_30' title="bbox 375 4575 1537 4650; baseline -0.003 -17"><span class='ocrx_word' id='word_1_257' title='bbox 375 4577 502 4633; x_wconf 89' lang='lat' dir='ltr'><strong>constitit</strong></span> <span class='ocrx_word' id='word_1_258' title='bbox 513 4590 538 4631; x_wconf 98' lang='lat' dir='ltr'><em>N</em></span> <span class='ocrx_word' id='word_1_259' title='bbox 548 4578 557 4650; x_wconf 68' lang='lat' dir='ltr'><strong>ll</strong></span> <span class='ocrx_word' id='word_1_260' title='bbox 571 4589 636 4632; x_wconf 87' lang='lat' dir='ltr'><strong>tunc</strong></span> <span class='ocrx_word' id='word_1_261' title='bbox 647 4590 673 4630; x_wconf 97' lang='lat' dir='ltr'><em>N</em></span> <span class='ocrx_word' id='word_1_262' title='bbox 683 4578 693 4647; x_wconf 73' lang='grc' dir='ltr'><strong>ιΙ</strong></span> <span class='ocrx_word' id='word_1_263' title='bbox 708 4579 737 4629; x_wconf 79' lang='grc'><strong>11</strong></span> <span class='ocrx_word' id='word_1_264' title='bbox 752 4576 840 4629; x_wconf 85' lang='lat' dir='ltr'><strong>deleta</strong></span> <span class='ocrx_word' id='word_1_265' title='bbox 857 4575 898 4646; x_wconf 71' lang='lat' dir='ltr'><strong>all</strong></span> <span class='ocrx_word' id='word_1_266' title='bbox 914 4578 944 4628; x_wconf 90' lang='lat'><strong>18</strong></span> <span class='ocrx_word' id='word_1_267' title='bbox 963 4589 1079 4630; x_wconf 72' lang='lat' dir='ltr'><strong>aarum</strong></span> <span class='ocrx_word' id='word_1_268' title='bbox 1093 4590 1277 4631; x_wconf 74' lang='lat' dir='ltr'><strong>saauarlcvu</strong></span> <span class='ocrx_word' id='word_1_269' title='bbox 1289 4596 1331 4630; x_wconf 90' lang='lat' dir='ltr'><strong>om</strong></span> <span class='ocrx_word' id='word_1_270' title='bbox 1344 4588 1368 4630; x_wconf 96' lang='lat' dir='ltr'><em>N</em></span> <span class='ocrx_word' id='word_1_271' title='bbox 1379 4575 1388 4648; x_wconf 74' lang='lat' dir='ltr'><strong>ll</strong></span> <span class='ocrx_word' id='word_1_272' title='bbox 1404 4580 1435 4630; x_wconf 88' lang='grc'><strong>19</strong></span> <span class='ocrx_word' id='word_1_273' title='bbox 1448 4577 1537 4631; x_wconf 83' lang='lat' dir='ltr'><strong>iacen-</strong></span> 
     </span>
     <span class='ocr_line' id='line_1_31' title="bbox 373 4660 1421 4736; baseline -0.005 -15"><span class='ocrx_word' id='word_1_274' title='bbox 373 4666 449 4721; x_wconf 86' lang='lat' dir='ltr'><strong>tibus</strong></span> <span class='ocrx_word' id='word_1_275' title='bbox 460 4678 480 4719; x_wconf 80' lang='grc' dir='ltr'><em>Β</em></span> <span class='ocrx_word' id='word_1_276' title='bbox 493 4664 503 4736; x_wconf 89' lang='lat' dir='ltr'><strong>l</strong></span> <span class='ocrx_word' id='word_1_277' title='bbox 516 4667 549 4719; x_wconf 80' lang='lat'><strong>20</strong></span> <span class='ocrx_word' id='word_1_278' title='bbox 561 4663 640 4718; x_wconf 85' lang='lat' dir='ltr'><strong>niues</strong></span> <span class='ocrx_word' id='word_1_279' title='bbox 651 4679 779 4734; x_wconf 85' lang='lat' dir='ltr'><strong>rarasque</strong></span> <span class='ocrx_word' id='word_1_280' title='bbox 791 4661 874 4716; x_wconf 87' lang='lat' dir='ltr'><strong>siluas</strong></span> <span class='ocrx_word' id='word_1_281' title='bbox 886 4674 911 4715; x_wconf 96' lang='lat' dir='ltr'><em>N</em></span> <span class='ocrx_word' id='word_1_282' title='bbox 921 4660 930 4732; x_wconf 76' lang='grc' dir='ltr'><strong>ΙΙ</strong></span> <span class='ocrx_word' id='word_1_283' title='bbox 944 4664 974 4714; x_wconf 80' lang='lat'><strong>21</strong></span> <span class='ocrx_word' id='word_1_284' title='bbox 990 4669 1021 4716; x_wconf 92' lang='lat' dir='ltr'><strong>ut</strong></span> <span class='ocrx_word' id='word_1_285' title='bbox 1032 4680 1125 4733; x_wconf 90' lang='lat' dir='ltr'><strong>pacem</strong></span> <span class='ocrx_word' id='word_1_286' title='bbox 1138 4680 1193 4715; x_wconf 91' lang='lat' dir='ltr'><strong>non</strong></span> <span class='ocrx_word' id='word_1_287' title='bbox 1205 4661 1365 4733; x_wconf 84' lang='lat' dir='ltr'><strong>intellegant</strong></span> <span class='ocrx_word' id='word_1_288' title='bbox 1376 4675 1402 4716; x_wconf 95' lang='lat' dir='ltr'><em>N</em></span> <span class='ocrx_word' id='word_1_289' title='bbox 1412 4663 1421 4735; x_wconf 72' lang='lat' dir='ltr'><strong>ll</strong></span> 
     </span>
    </p>
   </div>
   <div class='ocr_carea' id='block_1_12' title="bbox 0 0 1910 5534">
    <p class='ocr_par' dir='ltr' id='par_1_17' title="bbox 0 0 1910 5534">
     <span class='ocr_line' id='line_1_32' title="bbox 0 0 1910 5534; baseline 0 0"><span class='ocrx_word' id='word_1_290' title='bbox 0 0 1910 5534; x_wconf 95' lang='lat' dir='ltr'><strong> </strong></span> 
     </span>
    </p>
   </div>
  </div>
 </body>
</html>
