3809 5534
744 595 891 641 nrrrosrs
907 596 932 652 1,
950 587 982 637 ³3
1002 574 1055 661 [u,
1075 588 1116 638 17.
1138 575 1193 661 18].
1514 583 1555 642 55

390 747 520 830 pudore
546 741 685 829 populus
712 747 899 821 Romanus,
923 747 1062 809 dedecus
1078 745 1216 828 ,quidem
1240 748 1415 829 praesentis
1437 750 1554 833 flagitii

390 852 561 916 deditione
577 850 723 915 Mancini
738 850 894 934 expiauit,
912 863 1054 916 ceterum
1069 854 1150 915 duce
1166 852 1329 937 Scipione,
1347 853 1553 938 Carthaginis

390 956 557 1020 incendiis
573 958 614 1019 ad
628 956 791 1019 excidium
805 957 936 1021 urbium
950 956 1078 1034 inbuto,
1096 960 1225 1021 tandem
1235 958 1333 1021 etiam
1347 958 1383 1021 in
1397 958 1554 1023 ultionem

391 1061 584 1127 excanduit.
599 1064 655 1125 sed
670 1074 741 1125 tum
756 1064 859 1127 acrius
875 1063 910 1127 in
925 1064 1036 1128 eastris
1052 1086 1149 1146 quam
1164 1063 1199 1125 in
1214 1085 1339 1148 campo,
1355 1075 1465 1128 nostro
1479 1086 1553 1127 cunr

353 1181 374 1232 5
390 1167 502 1233 milite
516 1187 615 1250 quam
630 1188 705 1230 cum
719 1169 924 1234 Numantino
939 1170 1164 1253 proeliandum
1177 1168 1250 1231 fuit.
1276 1170 1394 1253 quippe
1417 1170 1553 1234 assiduis

392 1284 429 1352 et
451 1273 582 1337 iniustis
609 1285 642 1337 et
667 1274 838 1338 seruilibus
864 1273 1005 1339 maxime
1026 1275 1173 1358 operibus
1196 1274 1305 1337 adtriti
1325 1275 1405 1338 ferre
1426 1276 1554 1359 plenius

392 1379 535 1455 uallum,
553 1379 630 1462 quia
643 1399 732 1443 arma
746 1380 918 1457 nescirent,
935 1383 1006 1445 luto
1021 1380 1204 1462 inquinari,
1222 1379 1298 1463 quia
1312 1381 1470 1465 sanguine
1485 1382 1553 1444 nol·

394 1485 481 1560 lent,
499 1484 705 1548 iubebantur.
731 1487 848 1549 adhoc
863 1497 967 1550 scorta
992 1486 1119 1550 calones
1145 1486 1288 1548 sarcinae
1310 1486 1373 1549 nisi
1396 1488 1436 1550 ad
1458 1510 1554 1551 usum

393 1590 596 1654 necessariae
611 1601 831 1674 amputantur.
857 1593 940 1656 tanti
963 1614 1031 1656 esse
1053 1592 1230 1655 exercitum
1251 1592 1363 1674 quanti
1384 1592 1553 1675 imperato·

346 1708 372 1758 ,ο
392 1717 464 1760 rem
485 1717 560 1759 uere
580 1697 744 1779 proditum
766 1708 825 1761 est.
851 1698 896 1762 sic
917 1701 1046 1762 redacto
1069 1698 1103 1761 iu
1126 1695 1329 1781 disciplinam
1350 1698 1453 1762 milite
1469 1720 1554 1761 com-

393 1802 496 1866 missa
510 1802 594 1865 acies
602 1849 612 1879 ,
636 1805 783 1887 quodque
805 1825 900 1868 nemo
915 1805 1062 1869 uisurum
1077 1824 1110 1868 se
1126 1826 1279 1887 umquam
1294 1815 1477 1887 sperauerat
1491 1805 1554 1867 lae·

396 1918 469 1970 tum
477 1953 488 1984 ,
504 1918 544 1970 ut
557 1908 718 1991 fugientes
735 1910 954 1974 Numantinos
978 1910 1148 1993 quisquam
1166 1909 1301 1974 uideret.
1327 1913 1441 1974 dedere
1458 1911 1554 1974 etiam

396 2033 431 2077 se
451 2013 625 2091 uolebant,
655 2015 683 2078 si
705 2016 870 2079 toleranda
890 2015 970 2080 uiris
990 2015 1233 2099 imperarentur.
1265 2018 1321 2080 sed
1345 2037 1419 2080 eum
1446 2016 1554 2100 Scipio

396 2139 508 2183 ueram
523 2117 623 2184 uellet
639 2131 671 2184 et
686 2120 756 2183 siue
772 2120 960 2203 exceptione
975 2121 1163 2197 uictoriam,
1181 2142 1218 2184 eo
1234 2122 1464 2185 necessitatum
1479 2144 1554 2185 con·

350 2233 377 2287 tr
396 2225 482 2312 pulsi
496 2226 639 2309 primum
658 2237 696 2290 ut
716 2225 877 2289 destinata
891 2237 993 2290 morte
1008 2227 1043 2290 in
1064 2226 1223 2310 proelium
1246 2238 1391 2303 ruerent,
1423 2249 1498 2289 cum
1521 2249 1554 2290 se

397 2331 485 2414 prius
517 2332 621 2415 epulis
647 2332 739 2415 quasi
764 2332 887 2395 inferiis
916 2332 1141 2416 impleuissent
1167 2332 1271 2396 caruis
1298 2333 1496 2396 semicrudae
1522 2343 1555 2395 et

399 2437 513 2514 celiaa;
533 2438 579 2501 sic
594 2449 712 2501 uocant
727 2437 913 2521 indigenam
929 2459 970 2500 ex
984 2439 1145 2502 frumento
1160 2439 1335 2522 potionem.
1353 2438 1555 2502 intellectum

398 2545 435 2606 ab
449 2544 643 2628 imperatore
658 2543 848 2619 eonsilium,
871 2543 980 2626 itaque
1001 2565 1068 2608 non
1090 2556 1138 2607 est
1159 2544 1313 2627 permissa
1335 2565 1445 2627 pugna
1459 2542 1554 2606 mori-

401 2650 489 2713 turis.
528 2670 603 2711 cum
625 2649 709 2713 fossa
733 2659 829 2731 atque
850 2650 949 2712 lorica
972 2661 1186 2732 quattuorque
1207 2649 1319 2713 castris
1342 2649 1555 2711 circumdatos

361 2761 385 2815 tt
399 2755 495 2819 larnes
518 2765 696 2838 premeret,
724 2775 743 2817 a
766 2756 846 2817 duce
869 2766 995 2818 orantes
1018 2754 1195 2838 proelium,
1223 2764 1261 2818 ut
1283 2766 1447 2837 tamquam
1468 2754 1554 2818 uiros
1590 2818 1593 2826 ,

401 2863 574 2937 occideret,
602 2860 659 2923 ubi
683 2881 749 2923 non
772 2859 1006 2943 impetrabant,
1029 2861 1152 2945 placuit
1173 2860 1309 2945 eruptio.
1341 2861 1386 2923 sie
1409 2870 1556 2923 conserta

400 2985 495 3030 manu
510 2966 643 3050 plurimi
659 2964 773 3042 occisi,
798 2975 830 3029 et
845 2988 919 3028 eum
934 2976 1084 3048 urgueret
1099 2967 1218 3045 fames,
1236 2966 1465 3051 aliquantisper
1479 2966 1555 3029 inde

401 3072 561 3136 aixerunt.
598 3070 774 3135 nouissime
799 3071 972 3135 consilium
997 3071 1092 3154 fugae
1122 3074 1221 3149 sedit3
1261 3075 1317 3136 scd
1343 3073 1403 3136 hoc
1429 3093 1555 3156 quoque

401 3179 501 3263 ruptis
526 3199 681 3261 equorum
703 3176 842 3260 cingulis
872 3198 988 3240 uxores
1016 3179 1181 3255 ademere,
1210 3199 1335 3244 summo
1362 3180 1479 3243 scelere
1499 3199 1556 3262 per

363 3288 387 3340 ²5
402 3305 549 3348 amorem.
574 3284 683 3366 itaque
699 3283 863 3366 deplorato
886 3282 977 3345 exitu
998 3283 1033 3345 in
1054 3285 1203 3348 ultimam
1218 3285 1338 3349 rabiem
1354 3286 1555 3367 furoremque

400 3389 560 3465 conuersi,
584 3399 744 3471 postremo
766 3389 980 3471 Rhoecogene
1003 3391 1083 3452 duce
1106 3413 1139 3454 se
1162 3414 1236 3455 suos
1251 3391 1389 3473 patriam
1403 3390 1485 3452 ferro
1500 3411 1554 3451 ue-

401 3517 503 3571 neno,
522 3495 668 3558 subiecto
683 3494 759 3578 igne
779 3493 922 3577 undique
944 3507 1147 3578 peregerunt.
1186 3507 1290 3559 macte
1312 3495 1395 3559 este!
1422 3493 1554 3556 fortissi-

400 3622 483 3665 mam
499 3612 532 3664 et
546 3623 618 3665 meo
634 3600 753 3664 indicio
768 3599 987 3663 beatissimam
1002 3600 1037 3663 in
1051 3602 1130 3684 ipsis
1145 3600 1239 3663 malis
1255 3599 1438 3664 ciuitatem!
1465 3602 1553 3663 adse-

400 3706 461 3770 ruit
475 3728 552 3770 cum
565 3709 629 3770 fide
645 3706 759 3782 socios,
776 3706 933 3789 populum
946 3705 1030 3798 orbis
1047 3716 1202 3769 terrarum
1217 3705 1341 3769 uiribus
1356 3704 1477 3769 fultum
1488 3716 1555 3768 tam

355 3808 382 3863 ³⁰
401 3834 497 3895 parua
511 3834 612 3877 manu
628 3822 732 3876 aetate
748 3822 815 3875 tam
828 3813 927 3895 longa
942 3810 1108 3874 sustinuit.
1127 3811 1302 3875 nouissime
1317 3811 1458 3875 maximo
1474 3813 1555 3875 duce

402 4073 415 4122 2
427 4071 518 4141 magni
530 4082 550 4123 Β
562 4071 571 4142 {l
586 4076 601 4125 3
614 4071 720 4125 excidia
731 4083 756 4125 Ν
767 4070 776 4140 ll
790 4074 804 4122 l
818 4078 883 4125 tune
895 4086 919 4126 Ν
931 4074 939 4144 {l
955 4078 970 4126 6
982 4074 1079 4144 plenus
1091 4083 1110 4123 Β
1123 4071 1131 4140 ss
1147 4074 1160 4121 ῖ
1174 4071 1238 4140 quia
1250 4070 1361 4139 scripsi:
1373 4072 1420 4141 qui
1431 4084 1475 4123 ΒΝ
1486 4072 1494 4141 i
1508 4071 1555 4140 qui

401 4167 424 4207 Ν
433 4156 442 4227 ΙΙ
455 4157 551 4210 nolent
561 4167 587 4211 Ν
597 4158 606 4228 Η
619 4162 634 4210 9
648 4156 798 4210 necessaria
808 4169 834 4209 Ν
844 4158 852 4228 ll
866 4165 1033 4228 anputantur
1045 4170 1070 4210 Ν
1081 4160 1089 4227 ll
1107 4162 1135 4209 lo
1149 4157 1171 4208 si
1183 4170 1202 4209 Β
1215 4158 1224 4227 ll
1245 4160 1275 4210 12
1288 4156 1490 4209 nummantinos
1501 4168 1521 4207 Β
1533 4156 1542 4225 ll

358 4305 361 4310 Ι
400 4242 540 4311 quisquam
552 4242 702 4306 deleverim,
717 4240 772 4293 uisi
782 4242 836 4295 aleb
850 4244 933 4296 biaut
945 4243 954 4313 i
971 4245 1000 4295 13
1015 4243 1067 4295 uiri
1085 4256 1104 4296 Β
1117 4241 1126 4312 Η
1142 4245 1171 4294 Π
1186 4241 1269 4294 celiae
1281 4255 1319 4295 N:
1340 4241 1455 4311 praellae
1466 4252 1486 4292 Β
1499 4239 1507 4309 i
1523 4242 1554 4292 19

401 4327 576 4398 confessaque
588 4327 672 4381 lorica
682 4339 702 4380 Β
715 4326 723 4396 ll
737 4330 769 4379 lt)
782 4327 815 4379 ab
827 4341 852 4380 Ν
863 4329 871 4398 ll
885 4334 979 4381 orante
991 4328 1035 4398 ΝΗ
1050 4331 1079 4380 21
1100 4334 1258 4381 conseruata
1276 4339 1296 4381 Β
1308 4327 1317 4396 ll
1330 4330 1369 4379 22,
1382 4330 1521 4395 urgeretis
1534 4324 1542 4395 ll

401 4413 431 4463 23
444 4412 569 4466 uiserunt
579 4424 599 4465 Β
612 4412 620 4483 ΙΙ
635 4416 667 4465 24
680 4411 781 4482 singuli
792 4425 811 4464 Β
824 4412 833 4483 ll
847 4418 878 4466 26
888 4420 1025 4483 postremo
1037 4413 1106 4466 mori
1118 4414 1169 4466 hoe
1182 4430 1280 4483 genere
1292 4411 1462 4464 destinarunt
1474 4409 1556 4463 ducas

402 4509 462 4549 suos
475 4514 558 4567 seque
571 4498 740 4567 patriamque
759 4497 830 4550 ferro
849 4505 876 4561 et
894 4516 1001 4552 ueneno
1021 4498 1198 4569 subiectaque
1216 4495 1336 4567 undique
1356 4495 1419 4564 igue
1437 4512 1556 4565 pereme-

401 4589 463 4635 runt
473 4591 498 4635 Ν
509 4582 518 4652 ΙΙ
531 4581 615 4635 duces
628 4582 643 4633 2
656 4582 665 4653 i
679 4599 707 4635 se
719 4581 811 4635 addidi
818 4604 827 4633 .-
841 4601 882 4636 om
894 4595 913 4636 Β
926 4582 935 4653 ΙΙ
950 4586 982 4636 27
996 4590 1053 4637 este
1065 4582 1220 4652 Hauptr'us:
1239 4598 1296 4634 esse
1315 4592 1359 4634 ΒΝ
1376 4580 1385 4649 ll
1404 4583 1436 4633 29
1456 4580 1556 4636 fultum

402 4681 537 4707 sssssssss
557 4667 596 4707 ull
