3809 5534
476 374 517 435 76
748 391 818 436 ruti
835 391 932 436 mour
949 392 1098 435 nemone
1111 391 1136 447 1,
1152 385 1186 434 46
1204 370 1274 455 [111,
1293 373 1350 458 12].

478 540 671 624 Pergameni
693 540 777 624 regis
798 540 971 604 hereditas.
1003 541 1078 603 illae
1100 563 1176 624 opes
1199 552 1295 625 atque
1318 541 1453 605 diuitiae
1481 543 1664 616 adflixer-

477 646 597 710 saeculi
611 668 728 721 mores,
744 667 943 727 mersamque
958 646 1048 709 uitiis
1064 647 1131 711 suis
1146 648 1238 730 quasi
1253 648 1380 712 sentina
1394 669 1463 710 rem
1471 647 1664 729 publicat]

476 774 607 835 pessum
619 753 743 814 dedere.
769 753 855 813 unde
870 750 956 813 euim
972 753 1110 834 populus
1123 754 1289 816 Romanus
1304 776 1323 815 a
1338 754 1478 816 tribunis
1494 775 1579 835 agros
1592 777 1664 823 er

478 857 597 921 cibaria
611 857 771 939 flagitaret
785 856 848 919 nisi
862 878 919 938 per
932 857 1051 919 famem
1067 880 1164 940 quam
1182 859 1278 921 luxus
1300 859 1437 921 fecerat?
1461 858 1536 921 hinc
1557 880 1664 943 erg-0

479 962 686 1025 Gracchanae
707 962 811 1044 prima
832 970 864 1023 et
886 963 1028 1023 secunda
1048 974 1080 1024 et
1100 962 1158 1025 illa
1187 963 1282 1026 tertia
1300 964 1485 1046 Apuleiana
1505 964 1655 1031 seditio.

478 1070 565 1130 unde
581 1067 756 1130 iudiciariis
772 1066 897 1149 legibus
913 1066 1061 1129 diuulsus
1077 1068 1118 1129 ab
1133 1080 1248 1131 senatu
1262 1091 1358 1151 eques
1380 1068 1447 1131 nisi
1469 1090 1510 1130 ex
1531 1072 1650 1133 auari-

479 1173 537 1249 tia,
554 1184 592 1236 ut
607 1172 781 1256 uectigalia
794 1172 840 1234 rei
854 1170 1004 1254 publicae
1020 1182 1116 1254 atque
1130 1173 1202 1255 ipsa
1222 1173 1342 1236 iudicia
1362 1173 1398 1235 in
1419 1184 1555 1256 quaestu
1573 1173 1641 1236 lra-

478 1278 650 1341 berenturl
666 1278 743 1340 hinc
758 1279 884 1340 Drusus
901 1287 932 1339 et
947 1277 1105 1359 promissa
1119 1278 1233 1341 ciuitas
1246 1278 1339 1341 Latio
1354 1288 1386 1341 et
1400 1300 1459 1360 per
1472 1279 1532 1341 hoc
1547 1300 1632 1341 arma

479 1384 647 1447 sociorum.
672 1383 750 1465 quid
771 1382 899 1444 autem?
921 1383 1007 1445 bella
1027 1382 1157 1446 seruilia
1178 1385 1265 1446 unde
1287 1383 1379 1446 nobis
1399 1383 1465 1445 nisi
1480 1405 1521 1445 ex
1534 1385 1624 1444 abun-

479 1489 590 1551 dantia
614 1485 827 1550 familiarrnn?
861 1487 946 1548 unde
973 1488 1154 1569 gladiatorii
1183 1491 1353 1552 aduersum
1382 1488 1529 1551 dominos
1557 1510 1616 1551 suos
1637 1489 1663 1540 Ν

479 1594 657 1667 exercitus,
685 1592 748 1654 nisi
769 1593 810 1653 ad
831 1592 1068 1655 conciliandum
1084 1594 1187 1676 plebis
1209 1594 1351 1656 fauorem
1366 1594 1469 1655 effusa
1494 1593 1613 1677 largitio,

479 1700 558 1761 dum
573 1696 763 1781 spectaculis
779 1696 945 1780 indulget,
964 1699 1123 1781 supplicia
1138 1700 1300 1782 quondam
1314 1698 1460 1762 hostium
1475 1709 1571 1761 artem
1582 1697 1613 1759 l·

480 1802 583 1866 ceret?
596 1802 660 1865 iarn
668 1813 705 1865 ut
716 1802 906 1885 speciosiora
917 1803 999 1867 uitia
1011 1814 1193 1886 tangamus,
1206 1826 1314 1868 nonne
1326 1804 1466 1867 ambitus
1479 1804 1614 1867 honorum

481 1909 521 1971 ab
536 1908 638 1971 isdem
653 1907 777 1971 diuitiis
792 1908 990 1972 concitatus?
1014 1911 1128 1992 atquin
1143 1911 1218 1973 inde
1234 1910 1393 1985 Mariana,
1410 1909 1487 1972 inde
1503 1910 1615 1972 Sullam

481 2010 666 2098 tempestas.
691 2025 748 2077 aut
762 2014 953 2097 magnificus
969 2027 1140 2097 apparatus
1155 2014 1378 2078 conuiuiorum
1394 2025 1427 2077 et
1448 2025 1616 2097 sumptuosa
1629 2009 1659 2070 1⁵

484 2120 612 2201 largitio
627 2141 693 2181 non
708 2120 748 2180 ab
764 2120 929 2201 opulentia
944 2115 1088 2201 paritura
1108 2142 1185 2182 mox
1206 2120 1400 2202 egestatem?
1422 2120 1503 2183 haec
1526 2117 1619 2183 Catili·

443 2293 446 2298 ‚
485 2246 562 2286 nam
576 2224 697 2305 patriae
713 2245 789 2285 suae
805 2224 939 2307 inpegit.
966 2224 1104 2306 denique
1119 2225 1175 2287 illa
1190 2223 1259 2306 ipsa
1272 2224 1475 2308 principatus
1491 2236 1525 2287 et
1537 2222 1620 2287 doni·

484 2329 585 2392 nandi
611 2328 727 2411 cupido
753 2331 840 2392 undo
866 2329 930 2391 nisi
956 2351 997 2391 cx
1021 2328 1130 2391 nimiis
1155 2330 1268 2412 opibus
1289 2330 1400 2393 uenit?
1424 2330 1541 2414 atquin
1560 2330 1624 2391 hato

486 2437 656 2499 Caesarem
678 2447 772 2517 atquo
795 2434 988 2517 Pompeium
1008 2433 1176 2497 furialibus
1198 2434 1232 2496 in
1258 2434 1393 2497 exitium
1419 2435 1469 2498 rei
1493 2435 1625 2519 publicat

486 2541 609 2603 facibus
633 2540 780 2603 armauit.
811 2540 869 2601 hos
896 2539 996 2622 igitur
1017 2539 1121 2603 omnis
1143 2539 1332 2604 domesticos
1353 2551 1462 2616 motus
1479 2544 1660 2624 separatum

487 2647 527 2709 ab
543 2646 683 2708 externis
698 2643 854 2726 iustisque
869 2644 963 2708 bellis
979 2668 1020 2709 ex
1034 2644 1144 2708 ordine
1158 2668 1395 2729 persequemur.

487 2916 504 2964 4
516 2912 584 2964 luxu
596 2911 641 2981 ΝΗ
654 2916 669 2963 5
683 2911 854 2966 Gracchanae
870 2911 981 2981 senper‘:
994 2914 1145 2982 gracohana
1157 2921 1185 2967 et
1195 2928 1223 2980 Β,
1238 2915 1371 2968 eracliana
1381 2921 1410 2968 et
1420 2928 1448 2967 N
1458 2915 1468 2986 ΗΗ
1481 2914 1629 2985 appuleium
1659 2981 1661 2985 λ

373 3055 375 3060 ,
484 3009 504 3049 Β
517 2996 525 3065 Η
546 2999 561 3048 6
574 2994 647 3047 unde
660 2995 711 3048 edo
726 3002 798 3049 uett:
816 2998 880 3049 inde
891 3009 920 3060 Β,
934 2997 1107 3066 omNopatr'o
1119 2998 1219 3052 murore
1230 3000 1321 3052 relicto
1334 3000 1343 3069 Η
1357 3006 1386 3052 at
1397 3013 1431 3064 Β,
1446 3018 1464 3054 a
1475 3001 1521 3070 ΝΗ
1535 3003 1549 3052 l
1562 2998 1629 3052 uicti·

485 3080 558 3150 galia
568 3092 593 3132 N
604 3080 612 3148 Η
626 3088 767 3149 quaestum
779 3093 798 3133 Β
811 3081 820 3150 Η
834 3085 849 3134 8
868 3081 931 3133 hine
943 3100 1037 3135 rursus
1055 3094 1081 3135 N
1091 3083 1099 3151 ΙΙ
1117 3086 1146 3136 lt)
1163 3084 1335 3137 familiarium
1351 3097 1371 3137 Β
1384 3084 1393 3155 Η
1406 3085 1541 3138 aduersus
1550 3084 1592 3153 ΒΗ
1604 3084 1626 3135 ll

485 3174 514 3220 at
524 3179 544 3219 Β
557 3165 566 3235 Η
582 3168 612 3217 12
625 3184 686 3218 oum
697 3178 723 3219 N
733 3166 741 3236 ΗΗ
755 3173 839 3218 artem
851 3166 951 3218 faceret
962 3166 1073 3235 empti:
1093 3175 1150 3219 arte
1163 3168 1249 3222 secere
1260 3182 1294 3235 Β,
1314 3177 1400 3222 artem
1419 3170 1487 3224 facit
1504 3170 1549 3239 ΒΗ
1565 3166 1628 3222 llud

485 3264 505 3305 Β
517 3251 526 3320 Η
542 3255 573 3303 ll
584 3250 689 3303 hisdem
700 3263 725 3303 N
736 3250 745 3320 Η
758 3251 886 3304 incitatus
898 3263 923 3303 N
934 3251 942 3320 Η
957 3252 1060 3321 syllana
1071 3264 1089 3303 Β
1102 3252 1111 3321 ΗΗ
1128 3254 1157 3304 16
1170 3253 1356 3323 hopulentiaB
1368 3255 1377 3325 ΗΗ
1392 3255 1544 3308 catillinam
1555 3267 1573 3306 Β
1584 3254 1592 3323 Η
1605 3254 1627 3304 ll

486 3335 566 3388 nimis
579 3347 604 3389 N
614 3335 623 3406 Η
636 3334 738 3406 adquin
749 3348 775 3389 N
786 3336 794 3407 Η
807 3340 840 3389 to
854 3352 946 3389 omnes
961 3348 981 3388 Β
992 3336 1002 3405 Η
1016 3339 1045 3387 21
1060 3349 1195 3390 nunnoni
1209 3338 1263 3391 NE
1282 3337 1362 3391 FBru
1379 3352 1419 3391 nn
1436 3352 1506 3394 mro
1516 3340 1587 3393 Euo
1596 3330 1630 3392 li

489 3434 519 3473 ·1·
533 3422 665 3477 nxrlldn
679 3421 721 3491 ΒΗ
