<?xml version="1.0" encoding="UTF-8"?>
<!DOCTYPE html PUBLIC "-//W3C//DTD XHTML 1.0 Transitional//EN"
    "http://www.w3.org/TR/xhtml1/DTD/xhtml1-transitional.dtd">
<html xmlns="http://www.w3.org/1999/xhtml" xml:lang="en" lang="en">
 <head>
  <title>
</title>
<meta http-equiv="Content-Type" content="text/html;charset=utf-8" />
  <meta name='ocr-system' content='tesseract 3.04.00' />
  <meta name='ocr-capabilities' content='ocr_page ocr_carea ocr_par ocr_line ocrx_word'/>
</head>
<body>
  <div class='ocr_page' id='page_1' title='image "./iulifloriepitom00florgoog_0159.png"; bbox 0 0 3809 5534; ppageno 0'>
   <div class='ocr_carea' id='block_1_1' title="bbox 757 593 1536 677">
    <p class='ocr_par' dir='ltr' id='par_1_1' title="bbox 757 593 1536 677">
     <span class='ocr_line' id='line_1_1' title="bbox 757 593 1536 677; baseline 0.003 -21"><span class='ocrx_word' id='word_1_1' title='bbox 757 613 905 658; x_wconf 75' lang='lat' dir='ltr'><strong>armeus</strong></span> <span class='ocrx_word' id='word_1_2' title='bbox 922 614 960 669; x_wconf 86' lang='lat'><strong>11,</strong></span> <span class='ocrx_word' id='word_1_3' title='bbox 980 605 1011 656; x_wconf 81' lang='lat'><strong>13</strong></span> <span class='ocrx_word' id='word_1_4' title='bbox 1029 593 1113 677; x_wconf 66' lang='lat' dir='ltr'><strong>[rua</strong></span> <span class='ocrx_word' id='word_1_5' title='bbox 1131 593 1174 677; x_wconf 82' lang='lat' dir='ltr'><strong>t].</strong></span> <span class='ocrx_word' id='word_1_6' title='bbox 1480 596 1536 658; x_wconf 89' lang='grc'><strong>101</strong></span> 
     </span>
    </p>
   </div>
   <div class='ocr_carea' id='block_1_2' title="bbox 351 762 1552 3904">
    <p class='ocr_par' dir='ltr' id='par_1_2' title="bbox 389 762 1542 1163">
     <span class='ocr_line' id='line_1_2' title="bbox 389 762 1541 846; baseline 0 -19"><span class='ocrx_word' id='word_1_7' title='bbox 389 763 487 827; x_wconf 82' lang='lat' dir='ltr'><strong>dedit.</strong></span> <span class='ocrx_word' id='word_1_8' title='bbox 511 762 632 846; x_wconf 85' lang='lat' dir='ltr'>quippe</span> <span class='ocrx_word' id='word_1_9' title='bbox 647 773 679 826; x_wconf 90' lang='lat' dir='ltr'><strong>et</strong></span> <span class='ocrx_word' id='word_1_10' title='bbox 695 763 880 826; x_wconf 88' lang='lat' dir='ltr'><strong>Theodotus</strong></span> <span class='ocrx_word' id='word_1_11' title='bbox 895 762 1048 845; x_wconf 88' lang='lat' dir='ltr'><strong>magister</strong></span> <span class='ocrx_word' id='word_1_12' title='bbox 1068 773 1242 845; x_wconf 80' lang='lat' dir='ltr'><strong>auctorque</strong></span> <span class='ocrx_word' id='word_1_13' title='bbox 1264 762 1364 824; x_wconf 87' lang='lat' dir='ltr'><strong>totius</strong></span> <span class='ocrx_word' id='word_1_14' title='bbox 1386 764 1484 840; x_wconf 90' lang='lat' dir='ltr'><strong>belli,</strong></span> <span class='ocrx_word' id='word_1_15' title='bbox 1509 775 1541 827; x_wconf 89' lang='lat' dir='ltr'><strong>ct</strong></span> 
     </span>
     <span class='ocr_line' id='line_1_3' title="bbox 389 866 1542 951; baseline 0 -20"><span class='ocrx_word' id='word_1_16' title='bbox 389 891 426 932; x_wconf 88' lang='lat' dir='ltr'><strong>nc</strong></span> <span class='ocrx_word' id='word_1_17' title='bbox 441 867 553 931; x_wconf 81' lang='lat' dir='ltr'><strong>uirilis</strong></span> <span class='ocrx_word' id='word_1_18' title='bbox 567 867 697 951; x_wconf 89' lang='lat' dir='ltr'><strong>quidem</strong></span> <span class='ocrx_word' id='word_1_19' title='bbox 717 878 867 950; x_wconf 91' lang='lat' dir='ltr'><strong>portenta</strong></span> <span class='ocrx_word' id='word_1_20' title='bbox 889 866 1050 932; x_wconf 78' lang='lat' dir='ltr'><strong>Pothinus</strong></span> <span class='ocrx_word' id='word_1_21' title='bbox 1071 878 1168 949; x_wconf 90' lang='lat' dir='ltr'><strong>atque</strong></span> <span class='ocrx_word' id='word_1_22' title='bbox 1190 868 1393 951; x_wconf 85' lang='lat' dir='ltr'><strong>Ganymedes</strong></span> <span class='ocrx_word' id='word_1_23' title='bbox 1414 868 1542 932; x_wconf 89' lang='lat' dir='ltr'><strong>diuersa</strong></span> 
     </span>
     <span class='ocr_line' id='line_1_4' title="bbox 390 972 1541 1056; baseline 0.001 -21"><span class='ocrx_word' id='word_1_24' title='bbox 390 996 442 1056; x_wconf 88' lang='lat' dir='ltr'><strong>per</strong></span> <span class='ocrx_word' id='word_1_25' title='bbox 462 995 554 1036; x_wconf 89' lang='lat' dir='ltr'><strong>mare</strong></span> <span class='ocrx_word' id='word_1_26' title='bbox 575 984 608 1037; x_wconf 90' lang='lat' dir='ltr'><strong>et</strong></span> <span class='ocrx_word' id='word_1_27' title='bbox 628 986 727 1037; x_wconf 88' lang='lat' dir='ltr'><strong>terras</strong></span> <span class='ocrx_word' id='word_1_28' title='bbox 746 974 824 1056; x_wconf 83' lang='lat' dir='ltr'><strong>fuga</strong></span> <span class='ocrx_word' id='word_1_29' title='bbox 845 983 946 1036; x_wconf 88' lang='lat' dir='ltr'><strong>morte</strong></span> <span class='ocrx_word' id='word_1_30' title='bbox 968 972 1161 1055; x_wconf 80' lang='lat' dir='ltr'><strong>consumpti.</strong></span> <span class='ocrx_word' id='word_1_31' title='bbox 1197 973 1280 1055; x_wconf 88' lang='lat' dir='ltr'><strong>regis</strong></span> <span class='ocrx_word' id='word_1_32' title='bbox 1303 972 1405 1055; x_wconf 89' lang='lat' dir='ltr'><strong>ipsius</strong></span> <span class='ocrx_word' id='word_1_33' title='bbox 1426 995 1541 1056; x_wconf 88' lang='lat' dir='ltr'><strong>corpus</strong></span> 
     </span>
     <span class='ocr_line' id='line_1_5' title="bbox 392 1077 1330 1163; baseline -0.001 -21"><span class='ocrx_word' id='word_1_34' title='bbox 392 1080 541 1144; x_wconf 91' lang='lat' dir='ltr'><strong>obrutum</strong></span> <span class='ocrx_word' id='word_1_35' title='bbox 556 1079 634 1143; x_wconf 90' lang='lat' dir='ltr'><strong>limo</strong></span> <span class='ocrx_word' id='word_1_36' title='bbox 648 1089 810 1163; x_wconf 87' lang='lat' dir='ltr'><strong>repertum</strong></span> <span class='ocrx_word' id='word_1_37' title='bbox 824 1089 874 1141; x_wconf 91' lang='lat' dir='ltr'><strong>est</strong></span> <span class='ocrx_word' id='word_1_38' title='bbox 887 1077 923 1140; x_wconf 94' lang='lat' dir='ltr'><strong>in</strong></span> <span class='ocrx_word' id='word_1_39' title='bbox 939 1099 1053 1142; x_wconf 78' lang='lat' dir='ltr'><strong>aureae</strong></span> <span class='ocrx_word' id='word_1_40' title='bbox 1069 1077 1184 1141; x_wconf 86' lang='lat' dir='ltr'><strong>loricae</strong></span> <span class='ocrx_word' id='word_1_41' title='bbox 1199 1079 1330 1142; x_wconf 90' lang='lat' dir='ltr'><strong>honore.</strong></span> 
     </span>
    </p>

    <p class='ocr_par' dir='ltr' id='par_1_3' title="bbox 366 1183 1543 1689">
     <span class='ocr_line' id='line_1_6' title="bbox 366 1183 1541 1268; baseline 0.003 -23"><span class='ocrx_word' id='word_1_42' title='bbox 366 1197 376 1245; x_wconf 83' lang='lat' dir='ltr'><strong>t</strong></span> <span class='ocrx_word' id='word_1_43' title='bbox 472 1186 518 1248; x_wconf 94' lang='lat' dir='ltr'><strong>In</strong></span> <span class='ocrx_word' id='word_1_44' title='bbox 530 1184 611 1249; x_wconf 85' lang='lat' dir='ltr'><strong>Asia</strong></span> <span class='ocrx_word' id='word_1_45' title='bbox 626 1207 752 1268; x_wconf 87' lang='lat' dir='ltr'><strong>quoque</strong></span> <span class='ocrx_word' id='word_1_46' title='bbox 767 1205 872 1247; x_wconf 90' lang='lat' dir='ltr'><strong>nouus</strong></span> <span class='ocrx_word' id='word_1_47' title='bbox 888 1205 995 1246; x_wconf 89' lang='lat' dir='ltr'><strong>rerum</strong></span> <span class='ocrx_word' id='word_1_48' title='bbox 1009 1193 1116 1245; x_wconf 88' lang='lat' dir='ltr'><strong>motus</strong></span> <span class='ocrx_word' id='word_1_49' title='bbox 1132 1204 1151 1244; x_wconf 90' lang='lat' dir='ltr'><strong>a</strong></span> <span class='ocrx_word' id='word_1_50' title='bbox 1173 1186 1296 1258; x_wconf 92' lang='lat' dir='ltr'><strong>Ponto,</strong></span> <span class='ocrx_word' id='word_1_51' title='bbox 1320 1183 1411 1267; x_wconf 88' lang='lat' dir='ltr'><strong>quasi</strong></span> <span class='ocrx_word' id='word_1_52' title='bbox 1431 1186 1471 1248; x_wconf 91' lang='lat' dir='ltr'><strong>de</strong></span> <span class='ocrx_word' id='word_1_53' title='bbox 1492 1184 1541 1248; x_wconf 89' lang='lat' dir='ltr'><strong>iu·</strong></span> 
     </span>
     <span class='ocr_line' id='line_1_7' title="bbox 394 1287 1543 1374; baseline 0 -21"><span class='ocrx_word' id='word_1_54' title='bbox 394 1289 516 1356; x_wconf 87' lang='lat' dir='ltr'><strong>dustria</strong></span> <span class='ocrx_word' id='word_1_55' title='bbox 530 1299 681 1374; x_wconf 77' lang='lat' dir='ltr'><strong>captante</strong></span> <span class='ocrx_word' id='word_1_56' title='bbox 694 1290 824 1353; x_wconf 87' lang='lat' dir='ltr'><strong>fortuna</strong></span> <span class='ocrx_word' id='word_1_57' title='bbox 843 1288 931 1351; x_wconf 92' lang='lat' dir='ltr'><strong>hunc</strong></span> <span class='ocrx_word' id='word_1_58' title='bbox 947 1287 1168 1351; x_wconf 90' lang='lat' dir='ltr'><strong>Mithridatico</strong></span> <span class='ocrx_word' id='word_1_59' title='bbox 1183 1310 1283 1372; x_wconf 86' lang='lat' dir='ltr'><strong>regno</strong></span> <span class='ocrx_word' id='word_1_60' title='bbox 1305 1290 1447 1365; x_wconf 86' lang='lat' dir='ltr'><strong>exitum,</strong></span> <span class='ocrx_word' id='word_1_61' title='bbox 1471 1302 1510 1353; x_wconf 90' lang='lat' dir='ltr'><strong>ut</strong></span> <span class='ocrx_word' id='word_1_62' title='bbox 1524 1313 1543 1353; x_wconf 89' lang='lat' dir='ltr'><strong>a</strong></span> 
     </span>
     <span class='ocr_line' id='line_1_8' title="bbox 393 1393 1543 1479; baseline -0.001 -20"><span class='ocrx_word' id='word_1_63' title='bbox 393 1395 545 1479; x_wconf 91' lang='lat' dir='ltr'><strong>Pompeio</strong></span> <span class='ocrx_word' id='word_1_64' title='bbox 561 1406 662 1478; x_wconf 90' lang='lat' dir='ltr'><strong>pater,</strong></span> <span class='ocrx_word' id='word_1_65' title='bbox 680 1417 700 1458; x_wconf 90' lang='lat' dir='ltr'><strong>a</strong></span> <span class='ocrx_word' id='word_1_66' title='bbox 713 1396 849 1459; x_wconf 86' lang='lat' dir='ltr'><strong>Caesare</strong></span> <span class='ocrx_word' id='word_1_67' title='bbox 864 1393 950 1456; x_wconf 91' lang='lat' dir='ltr'><strong>filius</strong></span> <span class='ocrx_word' id='word_1_68' title='bbox 962 1394 1156 1458; x_wconf 89' lang='lat' dir='ltr'><strong>uinceretur.</strong></span> <span class='ocrx_word' id='word_1_69' title='bbox 1174 1414 1231 1456; x_wconf 85' lang='lat' dir='ltr'><strong>rex</strong></span> <span class='ocrx_word' id='word_1_70' title='bbox 1242 1394 1425 1458; x_wconf 88' lang='lat' dir='ltr'><strong>Pharnaces</strong></span> <span class='ocrx_word' id='word_1_71' title='bbox 1440 1395 1543 1478; x_wconf 89' lang='lat' dir='ltr'><strong>magis</strong></span> 
     </span>
     <span class='ocr_line' id='line_1_9' title="bbox 393 1498 1541 1583; baseline 0 -18"><span class='ocrx_word' id='word_1_72' title='bbox 393 1500 567 1565; x_wconf 76' lang='lat' dir='ltr'><strong>discordiae</strong></span> <span class='ocrx_word' id='word_1_73' title='bbox 581 1510 709 1564; x_wconf 88' lang='lat' dir='ltr'><strong>nostrae</strong></span> <span class='ocrx_word' id='word_1_74' title='bbox 723 1500 842 1563; x_wconf 85' lang='lat' dir='ltr'><strong>fiducia</strong></span> <span class='ocrx_word' id='word_1_75' title='bbox 864 1521 962 1582; x_wconf 91' lang='lat' dir='ltr'><strong>quam</strong></span> <span class='ocrx_word' id='word_1_76' title='bbox 982 1521 1059 1563; x_wconf 88' lang='lat' dir='ltr'><strong>suae</strong></span> <span class='ocrx_word' id='word_1_77' title='bbox 1081 1498 1211 1562; x_wconf 89' lang='lat' dir='ltr'><strong>uirtutis</strong></span> <span class='ocrx_word' id='word_1_78' title='bbox 1233 1498 1350 1562; x_wconf 85' lang='lat' dir='ltr'><strong>infesto</strong></span> <span class='ocrx_word' id='word_1_79' title='bbox 1365 1498 1400 1562; x_wconf 92' lang='lat' dir='ltr'><strong>in</strong></span> <span class='ocrx_word' id='word_1_80' title='bbox 1416 1502 1541 1583; x_wconf 82' lang='lat' dir='ltr'><strong>Cappa·</strong></span> 
     </span>
     <span class='ocr_line' id='line_1_10' title="bbox 394 1605 1543 1689; baseline -0.002 -18"><span class='ocrx_word' id='word_1_81' title='bbox 394 1607 517 1671; x_wconf 89' lang='lat' dir='ltr'><strong>dociam</strong></span> <span class='ocrx_word' id='word_1_82' title='bbox 532 1606 660 1689; x_wconf 79' lang='lat' dir='ltr'><strong>agmine</strong></span> <span class='ocrx_word' id='word_1_83' title='bbox 674 1606 798 1669; x_wconf 90' lang='lat' dir='ltr'><strong>ruebat.</strong></span> <span class='ocrx_word' id='word_1_84' title='bbox 824 1606 879 1668; x_wconf 90' lang='lat' dir='ltr'><strong>scd</strong></span> <span class='ocrx_word' id='word_1_85' title='bbox 900 1605 988 1669; x_wconf 91' lang='lat' dir='ltr'><strong>hunc</strong></span> <span class='ocrx_word' id='word_1_86' title='bbox 1009 1606 1127 1668; x_wconf 87' lang='lat' dir='ltr'><strong>Caesar</strong></span> <span class='ocrx_word' id='word_1_87' title='bbox 1146 1605 1315 1687; x_wconf 83' lang='lat' dir='ltr'><strong>adgressus</strong></span> <span class='ocrx_word' id='word_1_88' title='bbox 1341 1627 1406 1668; x_wconf 91' lang='lat' dir='ltr'><strong>uno</strong></span> <span class='ocrx_word' id='word_1_89' title='bbox 1427 1616 1477 1681; x_wconf 91' lang='lat' dir='ltr'><strong>et,</strong></span> <span class='ocrx_word' id='word_1_90' title='bbox 1505 1617 1543 1669; x_wconf 94' lang='lat' dir='ltr'><strong>ut</strong></span> 
     </span>
    </p>

    <p class='ocr_par' dir='ltr' id='par_1_4' title="bbox 359 1710 1543 2005">
     <span class='ocr_line' id='line_1_11' title="bbox 359 1710 1542 1794; baseline 0.003 -23"><span class='ocrx_word' id='word_1_91' title='bbox 359 1721 380 1772; x_wconf 83' lang='lat' dir='ltr'><strong>lt</strong></span> <span class='ocrx_word' id='word_1_92' title='bbox 394 1713 435 1777; x_wconf 89' lang='lat' dir='ltr'><strong>sic</strong></span> <span class='ocrx_word' id='word_1_93' title='bbox 450 1711 609 1787; x_wconf 86' lang='lat' dir='ltr'><strong>dixerim,</strong></span> <span class='ocrx_word' id='word_1_94' title='bbox 632 1732 699 1773; x_wconf 91' lang='lat' dir='ltr'><strong>non</strong></span> <span class='ocrx_word' id='word_1_95' title='bbox 714 1720 782 1774; x_wconf 93' lang='lat' dir='ltr'><strong>toto</strong></span> <span class='ocrx_word' id='word_1_96' title='bbox 797 1710 916 1794; x_wconf 90' lang='lat' dir='ltr'><strong>proelio</strong></span> <span class='ocrx_word' id='word_1_97' title='bbox 932 1710 1066 1774; x_wconf 90' lang='lat' dir='ltr'><strong>obtriuit</strong></span> <span class='ocrx_word' id='word_1_98' title='bbox 1080 1732 1168 1773; x_wconf 91' lang='lat' dir='ltr'><strong>more</strong></span> <span class='ocrx_word' id='word_1_99' title='bbox 1189 1710 1352 1786; x_wconf 84' lang='lat' dir='ltr'><strong>fulminis,</strong></span> <span class='ocrx_word' id='word_1_100' title='bbox 1376 1712 1461 1793; x_wconf 91' lang='lat' dir='ltr'><strong>quod</strong></span> <span class='ocrx_word' id='word_1_101' title='bbox 1476 1733 1542 1774; x_wconf 92' lang='lat' dir='ltr'><strong>uno</strong></span> 
     </span>
     <span class='ocr_line' id='line_1_12' title="bbox 393 1815 1543 1901; baseline -0.002 -19"><span class='ocrx_word' id='word_1_102' title='bbox 393 1820 568 1901; x_wconf 85' lang='lat' dir='ltr'><strong>eodemque</strong></span> <span class='ocrx_word' id='word_1_103' title='bbox 583 1825 746 1879; x_wconf 86' lang='lat' dir='ltr'><strong>momento</strong></span> <span class='ocrx_word' id='word_1_104' title='bbox 767 1815 860 1878; x_wconf 92' lang='lat' dir='ltr'><strong>uenit</strong></span> <span class='ocrx_word' id='word_1_105' title='bbox 884 1815 1042 1899; x_wconf 81' lang='lat' dir='ltr'><strong>percussit</strong></span> <span class='ocrx_word' id='word_1_106' title='bbox 1064 1816 1227 1881; x_wconf 84' lang='lat' dir='ltr'><strong>abscessit.</strong></span> <span class='ocrx_word' id='word_1_107' title='bbox 1262 1838 1322 1880; x_wconf 91' lang='lat' dir='ltr'><strong>nec</strong></span> <span class='ocrx_word' id='word_1_108' title='bbox 1341 1838 1428 1879; x_wconf 90' lang='lat' dir='ltr'><strong>uana</strong></span> <span class='ocrx_word' id='word_1_109' title='bbox 1447 1819 1487 1880; x_wconf 88' lang='lat' dir='ltr'><strong>de</strong></span> <span class='ocrx_word' id='word_1_110' title='bbox 1509 1838 1543 1880; x_wconf 87' lang='lat' dir='ltr'><strong>se</strong></span> 
     </span>
     <span class='ocr_line' id='line_1_13' title="bbox 393 1920 1518 2005; baseline -0.004 -17"><span class='ocrx_word' id='word_1_111' title='bbox 393 1922 586 2005; x_wconf 84' lang='lat' dir='ltr'><strong>praedicatio</strong></span> <span class='ocrx_word' id='word_1_112' title='bbox 601 1932 650 1985; x_wconf 90' lang='lat' dir='ltr'><strong>est</strong></span> <span class='ocrx_word' id='word_1_113' title='bbox 664 1920 821 2000; x_wconf 80' lang='lat' dir='ltr'><strong>Caesaris,</strong></span> <span class='ocrx_word' id='word_1_114' title='bbox 839 1931 914 1983; x_wconf 86' lang='lat' dir='ltr'><strong>ante</strong></span> <span class='ocrx_word' id='word_1_115' title='bbox 929 1921 1055 1985; x_wconf 89' lang='lat' dir='ltr'><strong>hostem</strong></span> <span class='ocrx_word' id='word_1_116' title='bbox 1070 1921 1193 1985; x_wconf 92' lang='lat' dir='ltr'><strong>uictum</strong></span> <span class='ocrx_word' id='word_1_117' title='bbox 1208 1943 1386 2004; x_wconf 89' lang='lat' dir='ltr'><strong>essequam</strong></span> <span class='ocrx_word' id='word_1_118' title='bbox 1400 1922 1518 1986; x_wconf 91' lang='lat' dir='ltr'><strong>uisum.</strong></span> 
     </span>
    </p>

    <p class='ocr_par' dir='ltr' id='par_1_5' title="bbox 394 2026 1543 2217">
     <span class='ocr_line' id='line_1_14' title="bbox 475 2026 1542 2101; baseline -0.002 -9"><span class='ocrx_word' id='word_1_119' title='bbox 475 2028 532 2092; x_wconf 84' lang='lat' dir='ltr'><strong>Sic</strong></span> <span class='ocrx_word' id='word_1_120' title='bbox 547 2049 621 2090; x_wconf 92' lang='lat' dir='ltr'><strong>cum</strong></span> <span class='ocrx_word' id='word_1_121' title='bbox 636 2026 772 2101; x_wconf 86' lang='lat' dir='ltr'><strong>exteris,</strong></span> <span class='ocrx_word' id='word_1_122' title='bbox 801 2036 834 2089; x_wconf 92' lang='lat' dir='ltr'><strong>at</strong></span> <span class='ocrx_word' id='word_1_123' title='bbox 856 2026 891 2089; x_wconf 92' lang='lat' dir='ltr'><strong>in</strong></span> <span class='ocrx_word' id='word_1_124' title='bbox 906 2026 1016 2090; x_wconf 77' lang='lat' dir='ltr'><strong>Africa</strong></span> <span class='ocrx_word' id='word_1_125' title='bbox 1030 2049 1106 2090; x_wconf 89' lang='lat' dir='ltr'><strong>cum</strong></span> <span class='ocrx_word' id='word_1_126' title='bbox 1127 2026 1253 2090; x_wconf 90' lang='lat' dir='ltr'><strong>ciuibus</strong></span> <span class='ocrx_word' id='word_1_127' title='bbox 1279 2027 1382 2090; x_wconf 92' lang='lat' dir='ltr'><strong>multo</strong></span> <span class='ocrx_word' id='word_1_128' title='bbox 1404 2027 1542 2090; x_wconf 89' lang='lat' dir='ltr'><strong>atrocius</strong></span> 
     </span>
     <span class='ocr_line' id='line_1_15' title="bbox 394 2131 1543 2217; baseline -0.004 -17"><span class='ocrx_word' id='word_1_129' title='bbox 394 2156 488 2217; x_wconf 86' lang='lat' dir='ltr'><strong>quam</strong></span> <span class='ocrx_word' id='word_1_130' title='bbox 502 2133 539 2195; x_wconf 93' lang='lat' dir='ltr'><strong>in</strong></span> <span class='ocrx_word' id='word_1_131' title='bbox 554 2131 734 2195; x_wconf 87' lang='lat' dir='ltr'><strong>Pharsalia.</strong></span> <span class='ocrx_word' id='word_1_132' title='bbox 759 2132 812 2196; x_wconf 89' lang='lat' dir='ltr'><strong>hie</strong></span> <span class='ocrx_word' id='word_1_133' title='bbox 833 2132 984 2215; x_wconf 84' lang='lat' dir='ltr'><strong>reliquias</strong></span> <span class='ocrx_word' id='word_1_134' title='bbox 1003 2133 1143 2216; x_wconf 89' lang='lat' dir='ltr'><strong>partium</strong></span> <span class='ocrx_word' id='word_1_135' title='bbox 1162 2132 1390 2215; x_wconf 84' lang='lat' dir='ltr'><strong>naufragarum</strong></span> <span class='ocrx_word' id='word_1_136' title='bbox 1411 2132 1543 2215; x_wconf 89' lang='lat' dir='ltr'><strong>quidam</strong></span> 
     </span>
    </p>

    <p class='ocr_par' dir='ltr' id='par_1_6' title="bbox 358 2237 1546 2743">
     <span class='ocr_line' id='line_1_16' title="bbox 358 2237 1543 2323; baseline 0.001 -26"><span class='ocrx_word' id='word_1_137' title='bbox 358 2247 380 2298; x_wconf 81' lang='lat'><strong>15</strong></span> <span class='ocrx_word' id='word_1_138' title='bbox 394 2240 486 2323; x_wconf 76' lang='lat' dir='ltr'><strong>flagae</strong></span> <span class='ocrx_word' id='word_1_139' title='bbox 503 2248 611 2302; x_wconf 89' lang='lat' dir='ltr'><strong>aestus</strong></span> <span class='ocrx_word' id='word_1_140' title='bbox 627 2238 810 2320; x_wconf 86' lang='lat' dir='ltr'><strong>expulerat3</strong></span> <span class='ocrx_word' id='word_1_141' title='bbox 835 2259 894 2300; x_wconf 92' lang='lat' dir='ltr'><strong>nec</strong></span> <span class='ocrx_word' id='word_1_142' title='bbox 910 2237 1060 2321; x_wconf 88' lang='lat' dir='ltr'><strong>reliquias</strong></span> <span class='ocrx_word' id='word_1_143' title='bbox 1076 2238 1214 2314; x_wconf 89' lang='lat' dir='ltr'><strong>diceres,</strong></span> <span class='ocrx_word' id='word_1_144' title='bbox 1231 2240 1287 2301; x_wconf 89' lang='lat' dir='ltr'><strong>sed</strong></span> <span class='ocrx_word' id='word_1_145' title='bbox 1301 2237 1464 2319; x_wconf 86' lang='lat' dir='ltr'><strong>integrum</strong></span> <span class='ocrx_word' id='word_1_146' title='bbox 1477 2237 1543 2299; x_wconf 93' lang='lat' dir='ltr'><strong>bel·</strong></span> 
     </span>
     <span class='ocr_line' id='line_1_17' title="bbox 394 2342 1544 2428; baseline -0.003 -21"><span class='ocrx_word' id='word_1_147' title='bbox 394 2344 471 2408; x_wconf 92' lang='lat' dir='ltr'><strong>lum.</strong></span> <span class='ocrx_word' id='word_1_148' title='bbox 498 2365 627 2428; x_wconf 88' lang='lat' dir='ltr'><strong>sparsae</strong></span> <span class='ocrx_word' id='word_1_149' title='bbox 648 2342 751 2425; x_wconf 88' lang='lat' dir='ltr'><strong>magis</strong></span> <span class='ocrx_word' id='word_1_150' title='bbox 767 2364 864 2425; x_wconf 89' lang='lat' dir='ltr'><strong>quam</strong></span> <span class='ocrx_word' id='word_1_151' title='bbox 879 2364 1046 2425; x_wconf 85' lang='lat' dir='ltr'><strong>oppressae</strong></span> <span class='ocrx_word' id='word_1_152' title='bbox 1061 2342 1146 2407; x_wconf 87' lang='lat' dir='ltr'><strong>uires</strong></span> <span class='ocrx_word' id='word_1_153' title='bbox 1161 2354 1252 2408; x_wconf 89' lang='lat' dir='ltr'><strong>erant</strong></span> <span class='ocrx_word' id='word_1_154' title='bbox 1259 2367 1269 2419; x_wconf 92' lang='lat'>;</span> <span class='ocrx_word' id='word_1_155' title='bbox 1294 2352 1427 2407; x_wconf 81' lang='lat' dir='ltr'><strong>auxerat</strong></span> <span class='ocrx_word' id='word_1_156' title='bbox 1442 2363 1544 2405; x_wconf 87' lang='lat' dir='ltr'><strong>sacra-</strong></span> 
     </span>
     <span class='ocr_line' id='line_1_18' title="bbox 394 2448 1544 2533; baseline -0.001 -20"><span class='ocrx_word' id='word_1_157' title='bbox 394 2461 540 2514; x_wconf 89' lang='lat' dir='ltr'><strong>mentum</strong></span> <span class='ocrx_word' id='word_1_158' title='bbox 554 2448 624 2533; x_wconf 89' lang='lat' dir='ltr'><strong>ipsa</strong></span> <span class='ocrx_word' id='word_1_159' title='bbox 646 2449 751 2511; x_wconf 88' lang='lat' dir='ltr'><strong>clades</strong></span> <span class='ocrx_word' id='word_1_160' title='bbox 773 2448 990 2532; x_wconf 89' lang='lat' dir='ltr'><strong>imperatoris,</strong></span> <span class='ocrx_word' id='word_1_161' title='bbox 1013 2470 1077 2511; x_wconf 88' lang='lat' dir='ltr'><strong>nec</strong></span> <span class='ocrx_word' id='word_1_162' title='bbox 1101 2449 1315 2532; x_wconf 81' lang='lat' dir='ltr'><strong>degenerabat</strong></span> <span class='ocrx_word' id='word_1_163' title='bbox 1334 2450 1455 2511; x_wconf 93' lang='lat' dir='ltr'><strong>ducum</strong></span> <span class='ocrx_word' id='word_1_164' title='bbox 1475 2470 1544 2512; x_wconf 88' lang='lat' dir='ltr'><strong>suc·</strong></span> 
     </span>
     <span class='ocr_line' id='line_1_19' title="bbox 393 2553 1546 2637; baseline -0.002 -19"><span class='ocrx_word' id='word_1_165' title='bbox 393 2554 502 2618; x_wconf 88' lang='lat' dir='ltr'><strong>cessio.</strong></span> <span class='ocrx_word' id='word_1_166' title='bbox 529 2554 648 2637; x_wconf 89' lang='lat' dir='ltr'><strong>quippe</strong></span> <span class='ocrx_word' id='word_1_167' title='bbox 662 2553 739 2618; x_wconf 88' lang='lat' dir='ltr'><strong>satis</strong></span> <span class='ocrx_word' id='word_1_168' title='bbox 756 2554 860 2637; x_wconf 90' lang='lat' dir='ltr'><strong>ample</strong></span> <span class='ocrx_word' id='word_1_169' title='bbox 872 2555 1029 2619; x_wconf 88' lang='lat' dir='ltr'><strong>sonabant</strong></span> <span class='ocrx_word' id='word_1_170' title='bbox 1040 2554 1075 2615; x_wconf 91' lang='lat' dir='ltr'><strong>in</strong></span> <span class='ocrx_word' id='word_1_171' title='bbox 1088 2553 1277 2637; x_wconf 91' lang='lat' dir='ltr'><strong>Pompeiani</strong></span> <span class='ocrx_word' id='word_1_172' title='bbox 1288 2553 1428 2618; x_wconf 89' lang='lat' dir='ltr'><strong>nominis</strong></span> <span class='ocrx_word' id='word_1_173' title='bbox 1439 2553 1546 2616; x_wconf 90' lang='lat' dir='ltr'><strong>locum</strong></span> 
     </span>
     <span class='ocr_line' id='line_1_20' title="bbox 394 2657 1546 2743; baseline -0.005 -18"><span class='ocrx_word' id='word_1_174' title='bbox 394 2661 474 2725; x_wconf 84' lang='lat' dir='ltr'><strong>Cato</strong></span> <span class='ocrx_word' id='word_1_175' title='bbox 490 2670 524 2723; x_wconf 92' lang='lat' dir='ltr'><strong>et</strong></span> <span class='ocrx_word' id='word_1_176' title='bbox 540 2658 659 2743; x_wconf 88' lang='lat' dir='ltr'><strong>Scipio.</strong></span> <span class='ocrx_word' id='word_1_177' title='bbox 694 2658 827 2724; x_wconf 87' lang='lat' dir='ltr'><strong>accessit</strong></span> <span class='ocrx_word' id='word_1_178' title='bbox 848 2658 948 2741; x_wconf 92' lang='lat' dir='ltr'><strong>copiis</strong></span> <span class='ocrx_word' id='word_1_179' title='bbox 963 2658 1185 2722; x_wconf 90' lang='lat' dir='ltr'><strong>Mauretaniae</strong></span> <span class='ocrx_word' id='word_1_180' title='bbox 1199 2680 1256 2721; x_wconf 84' lang='lat' dir='ltr'><strong>rex</strong></span> <span class='ocrx_word' id='word_1_181' title='bbox 1271 2658 1371 2733; x_wconf 92' lang='lat' dir='ltr'><strong>Iuba,</strong></span> <span class='ocrx_word' id='word_1_182' title='bbox 1394 2657 1546 2720; x_wconf 88' lang='lat' dir='ltr'><strong>uidelicet</strong></span> 
     </span>
    </p>

    <p class='ocr_par' dir='ltr' id='par_1_7' title="bbox 354 2762 1548 3269">
     <span class='ocr_line' id='line_1_21' title="bbox 354 2762 1545 2846; baseline -0.003 -18"><span class='ocrx_word' id='word_1_183' title='bbox 354 2772 379 2828; x_wconf 79' lang='lat'><strong>20</strong></span> <span class='ocrx_word' id='word_1_184' title='bbox 395 2776 432 2829; x_wconf 91' lang='lat' dir='ltr'><strong>ut</strong></span> <span class='ocrx_word' id='word_1_185' title='bbox 446 2764 545 2830; x_wconf 87' lang='lat' dir='ltr'><strong>latius</strong></span> <span class='ocrx_word' id='word_1_186' title='bbox 561 2764 705 2828; x_wconf 87' lang='lat' dir='ltr'><strong>uinceret</strong></span> <span class='ocrx_word' id='word_1_187' title='bbox 721 2765 849 2827; x_wconf 86' lang='lat' dir='ltr'><strong>Caesar.</strong></span> <span class='ocrx_word' id='word_1_188' title='bbox 880 2763 964 2826; x_wconf 92' lang='lat' dir='ltr'><strong>nihil</strong></span> <span class='ocrx_word' id='word_1_189' title='bbox 985 2785 1059 2846; x_wconf 88' lang='lat' dir='ltr'><strong>ergo</strong></span> <span class='ocrx_word' id='word_1_190' title='bbox 1074 2763 1159 2827; x_wconf 89' lang='lat' dir='ltr'><strong>inter</strong></span> <span class='ocrx_word' id='word_1_191' title='bbox 1173 2762 1376 2826; x_wconf 88' lang='lat' dir='ltr'><strong>Pharsaliam</strong></span> <span class='ocrx_word' id='word_1_192' title='bbox 1390 2773 1423 2826; x_wconf 91' lang='lat' dir='ltr'><strong>et</strong></span> <span class='ocrx_word' id='word_1_193' title='bbox 1438 2763 1545 2846; x_wconf 87' lang='lat' dir='ltr'><strong>Thap-</strong></span> 
     </span>
     <span class='ocr_line' id='line_1_22' title="bbox 394 2867 1546 2953; baseline -0.002 -19"><span class='ocrx_word' id='word_1_194' title='bbox 394 2893 470 2947; x_wconf 91' lang='lat' dir='ltr'><strong>son,</strong></span> <span class='ocrx_word' id='word_1_195' title='bbox 498 2869 563 2934; x_wconf 88' lang='lat' dir='ltr'><strong>nisi</strong></span> <span class='ocrx_word' id='word_1_196' title='bbox 578 2872 663 2953; x_wconf 93' lang='lat' dir='ltr'><strong>quod</strong></span> <span class='ocrx_word' id='word_1_197' title='bbox 679 2869 846 2951; x_wconf 71' lang='lat' dir='ltr'><strong>amplior·;</strong></span> <span class='ocrx_word' id='word_1_198' title='bbox 872 2889 974 2952; x_wconf 88' lang='lat' dir='ltr'><strong>eoque</strong></span> <span class='ocrx_word' id='word_1_199' title='bbox 995 2869 1095 2932; x_wconf 89' lang='lat' dir='ltr'><strong>acrior</strong></span> <span class='ocrx_word' id='word_1_200' title='bbox 1116 2868 1382 2934; x_wconf 79' lang='lat' dir='ltr'><strong>caesarianorum</strong></span> <span class='ocrx_word' id='word_1_201' title='bbox 1407 2867 1546 2951; x_wconf 87' lang='lat' dir='ltr'><strong>impetus</strong></span> 
     </span>
     <span class='ocr_line' id='line_1_23' title="bbox 393 2973 1545 3057; baseline -0.005 -15"><span class='ocrx_word' id='word_1_202' title='bbox 393 2977 475 3053; x_wconf 79' lang='lat' dir='ltr'><strong>tuit,</strong></span> <span class='ocrx_word' id='word_1_203' title='bbox 498 2975 741 3057; x_wconf 81' lang='lat' dir='ltr'><strong>indignantium</strong></span> <span class='ocrx_word' id='word_1_204' title='bbox 762 2985 835 3057; x_wconf 91' lang='lat' dir='ltr'><strong>post</strong></span> <span class='ocrx_word' id='word_1_205' title='bbox 857 2974 1051 3057; x_wconf 89' lang='lat' dir='ltr'><strong>Pompeium</strong></span> <span class='ocrx_word' id='word_1_206' title='bbox 1070 2974 1209 3038; x_wconf 85' lang='lat' dir='ltr'><strong>creuisse</strong></span> <span class='ocrx_word' id='word_1_207' title='bbox 1229 2973 1369 3049; x_wconf 83' lang='lat' dir='ltr'><strong>bellum3</strong></span> <span class='ocrx_word' id='word_1_208' title='bbox 1394 2974 1545 3057; x_wconf 85' lang='lat' dir='ltr'><strong>denique,</strong></span> 
     </span>
     <span class='ocr_line' id='line_1_24' title="bbox 395 3079 1548 3164; baseline 0.002 -21"><span class='ocrx_word' id='word_1_209' title='bbox 395 3083 483 3163; x_wconf 91' lang='lat' dir='ltr'><strong>quod</strong></span> <span class='ocrx_word' id='word_1_210' title='bbox 507 3081 586 3145; x_wconf 86' lang='lat' dir='ltr'><strong>alias</strong></span> <span class='ocrx_word' id='word_1_211' title='bbox 610 3101 805 3163; x_wconf 89' lang='lat' dir='ltr'><strong>numquam,</strong></span> <span class='ocrx_word' id='word_1_212' title='bbox 834 3089 909 3144; x_wconf 90' lang='lat' dir='ltr'><strong>ante</strong></span> <span class='ocrx_word' id='word_1_213' title='bbox 930 3079 1102 3163; x_wconf 89' lang='lat' dir='ltr'><strong>imperium</strong></span> <span class='ocrx_word' id='word_1_214' title='bbox 1123 3079 1213 3143; x_wconf 89' lang='lat' dir='ltr'><strong>ducis</strong></span> <span class='ocrx_word' id='word_1_215' title='bbox 1236 3101 1295 3142; x_wconf 91' lang='lat' dir='ltr'><strong>sua</strong></span> <span class='ocrx_word' id='word_1_216' title='bbox 1321 3090 1434 3164; x_wconf 87' lang='lat' dir='ltr'><strong>sponte</strong></span> <span class='ocrx_word' id='word_1_217' title='bbox 1455 3081 1548 3163; x_wconf 87' lang='lat' dir='ltr'><strong>signa</strong></span> 
     </span>
     <span class='ocr_line' id='line_1_25' title="bbox 396 3182 1548 3269; baseline -0.005 -19"><span class='ocrx_word' id='word_1_218' title='bbox 396 3185 592 3250; x_wconf 84' lang='lat' dir='ltr'><strong>cecinerunt.</strong></span> <span class='ocrx_word' id='word_1_219' title='bbox 624 3197 657 3249; x_wconf 91' lang='lat' dir='ltr'><strong>et</strong></span> <span class='ocrx_word' id='word_1_220' title='bbox 671 3186 812 3269; x_wconf 89' lang='lat' dir='ltr'><strong>primum</strong></span> <span class='ocrx_word' id='word_1_221' title='bbox 828 3195 947 3266; x_wconf 83' lang='lat' dir='ltr'><strong>strages</strong></span> <span class='ocrx_word' id='word_1_222' title='bbox 971 3206 991 3247; x_wconf 90' lang='lat' dir='ltr'><strong>a</strong></span> <span class='ocrx_word' id='word_1_223' title='bbox 1013 3185 1095 3248; x_wconf 92' lang='lat' dir='ltr'><strong>Iuba</strong></span> <span class='ocrx_word' id='word_1_224' title='bbox 1117 3184 1240 3268; x_wconf 92' lang='lat' dir='ltr'><strong>coepit,</strong></span> <span class='ocrx_word' id='word_1_225' title='bbox 1268 3184 1361 3248; x_wconf 90' lang='lat' dir='ltr'><strong>cuius</strong></span> <span class='ocrx_word' id='word_1_226' title='bbox 1384 3182 1548 3268; x_wconf 88' lang='lat' dir='ltr'><strong>elephanti</strong></span> 
     </span>
    </p>

    <p class='ocr_par' dir='ltr' id='par_1_8' title="bbox 353 3289 1550 3795">
     <span class='ocr_line' id='line_1_26' title="bbox 353 3289 1548 3373; baseline 0.001 -24"><span class='ocrx_word' id='word_1_227' title='bbox 353 3297 378 3349; x_wconf 77' lang='lat' dir='ltr'><strong>a</strong></span> <span class='ocrx_word' id='word_1_228' title='bbox 395 3291 555 3354; x_wconf 85' lang='lat' dir='ltr'><strong>bellorum</strong></span> <span class='ocrx_word' id='word_1_229' title='bbox 580 3292 674 3353; x_wconf 86' lang='lat' dir='ltr'><strong>rudes</strong></span> <span class='ocrx_word' id='word_1_230' title='bbox 704 3301 736 3353; x_wconf 86' lang='lat' dir='ltr'><strong>et</strong></span> <span class='ocrx_word' id='word_1_231' title='bbox 762 3311 865 3373; x_wconf 91' lang='lat' dir='ltr'><strong>nuper</strong></span> <span class='ocrx_word' id='word_1_232' title='bbox 891 3311 911 3352; x_wconf 91' lang='lat' dir='ltr'><strong>a</strong></span> <span class='ocrx_word' id='word_1_233' title='bbox 939 3289 1024 3353; x_wconf 90' lang='lat' dir='ltr'><strong>silua</strong></span> <span class='ocrx_word' id='word_1_234' title='bbox 1049 3290 1244 3353; x_wconf 89' lang='lat' dir='ltr'><strong>consternati</strong></span> <span class='ocrx_word' id='word_1_235' title='bbox 1270 3289 1377 3354; x_wconf 91' lang='lat' dir='ltr'><strong>subito</strong></span> <span class='ocrx_word' id='word_1_236' title='bbox 1400 3289 1548 3373; x_wconf 85' lang='lat' dir='ltr'><strong>clangore</strong></span> 
     </span>
     <span class='ocr_line' id='line_1_27' title="bbox 395 3393 1547 3478; baseline -0.003 -19"><span class='ocrx_word' id='word_1_237' title='bbox 395 3396 550 3459; x_wconf 88' lang='lat' dir='ltr'><strong>lituorum</strong></span> <span class='ocrx_word' id='word_1_238' title='bbox 564 3395 600 3458; x_wconf 91' lang='lat' dir='ltr'><strong>in</strong></span> <span class='ocrx_word' id='word_1_239' title='bbox 615 3418 689 3459; x_wconf 90' lang='lat' dir='ltr'><strong>suos</strong></span> <span class='ocrx_word' id='word_1_240' title='bbox 709 3417 777 3458; x_wconf 87' lang='lat' dir='ltr'><strong>sese</strong></span> <span class='ocrx_word' id='word_1_241' title='bbox 799 3395 1023 3478; x_wconf 83' lang='lat' dir='ltr'><strong>circumegere.</strong></span> <span class='ocrx_word' id='word_1_242' title='bbox 1059 3396 1169 3459; x_wconf 86' lang='lat' dir='ltr'><strong>statim</strong></span> <span class='ocrx_word' id='word_1_243' title='bbox 1190 3395 1347 3459; x_wconf 87' lang='lat' dir='ltr'><strong>exercitus</strong></span> <span class='ocrx_word' id='word_1_244' title='bbox 1368 3393 1403 3456; x_wconf 88' lang='lat' dir='ltr'><strong>in</strong></span> <span class='ocrx_word' id='word_1_245' title='bbox 1424 3394 1547 3475; x_wconf 81' lang='lat' dir='ltr'><strong>fugam,</strong></span> 
     </span>
     <span class='ocr_line' id='line_1_28' title="bbox 396 3492 1549 3583; baseline -0.004 -19"><span class='ocrx_word' id='word_1_246' title='bbox 396 3492 455 3564; x_wconf 87' lang='lat' dir='ltr'><strong>nec</strong></span> <span class='ocrx_word' id='word_1_247' title='bbox 477 3502 575 3564; x_wconf 89' lang='lat' dir='ltr'><strong>duces</strong></span> <span class='ocrx_word' id='word_1_248' title='bbox 595 3500 710 3564; x_wconf 86' lang='lat' dir='ltr'><strong>fortius</strong></span> <span class='ocrx_word' id='word_1_249' title='bbox 733 3522 829 3583; x_wconf 90' lang='lat' dir='ltr'><strong>quam</strong></span> <span class='ocrx_word' id='word_1_250' title='bbox 852 3509 891 3561; x_wconf 91' lang='lat' dir='ltr'><strong>ut</strong></span> <span class='ocrx_word' id='word_1_251' title='bbox 905 3500 1094 3583; x_wconf 84' lang='lat' dir='ltr'><strong>effugerent.</strong></span> <span class='ocrx_word' id='word_1_252' title='bbox 1129 3522 1196 3563; x_wconf 91' lang='lat' dir='ltr'><strong>non</strong></span> <span class='ocrx_word' id='word_1_253' title='bbox 1217 3498 1426 3580; x_wconf 90' lang='lat' dir='ltr'><strong>inconspicua</strong></span> <span class='ocrx_word' id='word_1_254' title='bbox 1441 3507 1549 3562; x_wconf 88' lang='lat' dir='ltr'><strong>tamen</strong></span> 
     </span>
     <span class='ocr_line' id='line_1_29' title="bbox 395 3602 1550 3689; baseline -0.003 -20"><span class='ocrx_word' id='word_1_255' title='bbox 395 3628 480 3670; x_wconf 88' lang='lat' dir='ltr'><strong>mors</strong></span> <span class='ocrx_word' id='word_1_256' title='bbox 495 3605 652 3669; x_wconf 91' lang='lat' dir='ltr'><strong>omnium.</strong></span> <span class='ocrx_word' id='word_1_257' title='bbox 677 3606 742 3668; x_wconf 91' lang='lat' dir='ltr'><strong>iam</strong></span> <span class='ocrx_word' id='word_1_258' title='bbox 757 3605 865 3689; x_wconf 84' lang='lat' dir='ltr'><strong>Scipio</strong></span> <span class='ocrx_word' id='word_1_259' title='bbox 879 3627 965 3669; x_wconf 91' lang='lat' dir='ltr'><strong>naue</strong></span> <span class='ocrx_word' id='word_1_260' title='bbox 979 3605 1123 3689; x_wconf 76' lang='lat' dir='ltr'><strong>fugiebat</strong></span> <span class='ocrx_word' id='word_1_261' title='bbox 1131 3629 1140 3679; x_wconf 92' lang='lat'>;</span> <span class='ocrx_word' id='word_1_262' title='bbox 1159 3605 1215 3667; x_wconf 86' lang='lat' dir='ltr'><strong>sed</strong></span> <span class='ocrx_word' id='word_1_263' title='bbox 1229 3602 1388 3667; x_wconf 87' lang='lat' dir='ltr'><strong>adsecutis</strong></span> <span class='ocrx_word' id='word_1_264' title='bbox 1403 3602 1550 3665; x_wconf 89' lang='lat' dir='ltr'><strong>hostibus</strong></span> 
     </span>
     <span class='ocr_line' id='line_1_30' title="bbox 387 3707 1548 3795; baseline -0.003 -21"><span class='ocrx_word' id='word_1_265' title='bbox 387 3711 542 3795; x_wconf 84' lang='lat' dir='ltr'><strong>gladium</strong></span> <span class='ocrx_word' id='word_1_266' title='bbox 569 3732 625 3793; x_wconf 91' lang='lat' dir='ltr'><strong>per</strong></span> <span class='ocrx_word' id='word_1_267' title='bbox 647 3710 771 3775; x_wconf 88' lang='lat' dir='ltr'><strong>uiscera</strong></span> <span class='ocrx_word' id='word_1_268' title='bbox 791 3710 898 3793; x_wconf 85' lang='lat' dir='ltr'><strong>exegit</strong></span> <span class='ocrx_word' id='word_1_269' title='bbox 927 3719 979 3786; x_wconf 91' lang='lat' dir='ltr'><strong>et,</strong></span> <span class='ocrx_word' id='word_1_270' title='bbox 1004 3709 1061 3775; x_wconf 92' lang='lat' dir='ltr'><strong>ubi</strong></span> <span class='ocrx_word' id='word_1_271' title='bbox 1082 3719 1166 3773; x_wconf 90' lang='lat' dir='ltr'><strong>esset</strong></span> <span class='ocrx_word' id='word_1_272' title='bbox 1188 3710 1326 3791; x_wconf 90' lang='lat' dir='ltr'><strong>quodam</strong></span> <span class='ocrx_word' id='word_1_273' title='bbox 1354 3707 1548 3790; x_wconf 87' lang='lat' dir='ltr'><strong>requirente,</strong></span> 
     </span>
    </p>

    <p class='ocr_par' dir='ltr' id='par_1_9' title="bbox 351 3806 1552 3904">
     <span class='ocr_line' id='line_1_31' title="bbox 351 3806 1552 3904; baseline 0.002 -25"><span class='ocrx_word' id='word_1_274' title='bbox 351 3826 378 3879; x_wconf 78' lang='lat'><strong>3⁰</strong></span> <span class='ocrx_word' id='word_1_275' title='bbox 398 3816 563 3902; x_wconf 88' lang='lat' dir='ltr'><strong>respondit</strong></span> <span class='ocrx_word' id='word_1_276' title='bbox 584 3818 645 3883; x_wconf 89' lang='lat' dir='ltr'><strong>hoc</strong></span> <span class='ocrx_word' id='word_1_277' title='bbox 666 3816 775 3904; x_wconf 88' lang='lat' dir='ltr'><strong>ipsum</strong></span> <span class='ocrx_word' id='word_1_278' title='bbox 792 3810 893 3881; x_wconf 87' lang='lat' dir='ltr'><strong>‘bene</strong></span> <span class='ocrx_word' id='word_1_279' title='bbox 913 3837 946 3881; x_wconf 90' lang='lat' dir='ltr'><strong>se</strong></span> <span class='ocrx_word' id='word_1_280' title='bbox 968 3816 1067 3883; x_wconf 90' lang='lat' dir='ltr'><strong>habet</strong></span> <span class='ocrx_word' id='word_1_281' title='bbox 1087 3806 1280 3901; x_wconf 76' lang='lat' dir='ltr'><strong>imperator-³</strong></span> <span class='ocrx_word' id='word_1_282' title='bbox 1315 3815 1399 3883; x_wconf 86' lang='lat' dir='ltr'><strong>Iuba</strong></span> <span class='ocrx_word' id='word_1_283' title='bbox 1420 3836 1495 3883; x_wconf 87' lang='lat' dir='ltr'><strong>cum</strong></span> <span class='ocrx_word' id='word_1_284' title='bbox 1518 3837 1552 3882; x_wconf 85' lang='lat' dir='ltr'><strong>se</strong></span> 
     </span>
    </p>
   </div>
   <div class='ocr_carea' id='block_1_3' title="bbox 397 4153 1555 4739">
    <p class='ocr_par' dir='ltr' id='par_1_10' title="bbox 397 4153 1555 4739">
     <span class='ocr_line' id='line_1_32' title="bbox 399 4153 1552 4230; baseline -0.005 -20"><span class='ocrx_word' id='word_1_285' title='bbox 399 4162 414 4210; x_wconf 84' lang='lat'>2</span> <span class='ocrx_word' id='word_1_286' title='bbox 431 4158 591 4228; x_wconf 84' lang='lat' dir='ltr'><strong>ganimedes</strong></span> <span class='ocrx_word' id='word_1_287' title='bbox 607 4170 627 4210; x_wconf 81' lang='grc' dir='ltr'><em>Β</em></span> <span class='ocrx_word' id='word_1_288' title='bbox 640 4156 649 4228; x_wconf 95' lang='grc'><strong>11</strong></span> <span class='ocrx_word' id='word_1_289' title='bbox 662 4160 676 4209; x_wconf 85' lang='grc'><strong>3</strong></span> <span class='ocrx_word' id='word_1_290' title='bbox 697 4165 725 4211; x_wconf 90' lang='lat' dir='ltr'><strong>et</strong></span> <span class='ocrx_word' id='word_1_291' title='bbox 743 4164 829 4212; x_wconf 88' lang='lat' dir='ltr'><strong>morte</strong></span> <span class='ocrx_word' id='word_1_292' title='bbox 844 4158 889 4230; x_wconf 90' lang='grc' dir='ltr'><strong>Ν1</strong></span> <span class='ocrx_word' id='word_1_293' title='bbox 903 4162 917 4211; x_wconf 86' lang='grc'><strong>5</strong></span> <span class='ocrx_word' id='word_1_294' title='bbox 938 4163 1042 4211; x_wconf 89' lang='lat' dir='ltr'><strong>mortus</strong></span> <span class='ocrx_word' id='word_1_295' title='bbox 1059 4175 1090 4211; x_wconf 89' lang='lat' dir='ltr'><strong>ac</strong></span> <span class='ocrx_word' id='word_1_296' title='bbox 1107 4164 1204 4229; x_wconf 84' lang='lat' dir='ltr'><strong>sponte</strong></span> <span class='ocrx_word' id='word_1_297' title='bbox 1223 4158 1300 4229; x_wconf 89' lang='lat' dir='ltr'><strong>quasi</strong></span> <span class='ocrx_word' id='word_1_298' title='bbox 1317 4170 1336 4211; x_wconf 76' lang='lat' dir='ltr'><em>N</em></span> <span class='ocrx_word' id='word_1_299' title='bbox 1349 4157 1358 4227; x_wconf 94' lang='grc'><strong>11</strong></span> <span class='ocrx_word' id='word_1_300' title='bbox 1371 4161 1455 4226; x_wconf 89' lang='lat' dir='ltr'><strong>ponto</strong></span> <span class='ocrx_word' id='word_1_301' title='bbox 1473 4153 1552 4223; x_wconf 89' lang='lat' dir='ltr'><strong>plane</strong></span> 
     </span>
     <span class='ocr_line' id='line_1_33' title="bbox 399 4238 1548 4316; baseline -0.005 -21"><span class='ocrx_word' id='word_1_302' title='bbox 399 4243 477 4313; x_wconf 91' lang='lat' dir='ltr'><strong>quasi</strong></span> <span class='ocrx_word' id='word_1_303' title='bbox 488 4254 512 4297; x_wconf 93' lang='lat' dir='ltr'><em>N</em></span> <span class='ocrx_word' id='word_1_304' title='bbox 524 4243 534 4314; x_wconf 94' lang='grc'><strong>11</strong></span> <span class='ocrx_word' id='word_1_305' title='bbox 547 4246 563 4295; x_wconf 86' lang='grc'>6</span> <span class='ocrx_word' id='word_1_306' title='bbox 577 4249 609 4295; x_wconf 93' lang='lat' dir='ltr'><strong>ut</strong></span> <span class='ocrx_word' id='word_1_307' title='bbox 620 4244 745 4313; x_wconf 91' lang='lat' dir='ltr'><strong>pompeio</strong></span> <span class='ocrx_word' id='word_1_308' title='bbox 762 4245 803 4316; x_wconf 75' lang='grc'>1111</span> <span class='ocrx_word' id='word_1_309' title='bbox 817 4247 832 4296; x_wconf 89' lang='grc'>8</span> <span class='ocrx_word' id='word_1_310' title='bbox 850 4243 964 4297; x_wconf 85' lang='lat' dir='ltr'><strong>fiduciae</strong></span> <span class='ocrx_word' id='word_1_311' title='bbox 982 4254 1002 4295; x_wconf 83' lang='lat' dir='ltr'><em>N</em></span> <span class='ocrx_word' id='word_1_312' title='bbox 1015 4240 1024 4312; x_wconf 86' lang='grc'>1</span> <span class='ocrx_word' id='word_1_313' title='bbox 1037 4242 1146 4297; x_wconf 91' lang='lat' dir='ltr'><strong>uirtutis</strong></span> <span class='ocrx_word' id='word_1_314' title='bbox 1166 4260 1230 4297; x_wconf 86' lang='lat' dir='ltr'><strong>suae</strong></span> <span class='ocrx_word' id='word_1_315' title='bbox 1246 4254 1272 4296; x_wconf 96' lang='lat' dir='ltr'><em>N</em></span> <span class='ocrx_word' id='word_1_316' title='bbox 1282 4243 1320 4313; x_wconf 87' lang='grc'><strong>119</strong></span> <span class='ocrx_word' id='word_1_317' title='bbox 1336 4239 1442 4293; x_wconf 84' lang='lat' dir='ltr'><strong>ruiabat</strong></span> <span class='ocrx_word' id='word_1_318' title='bbox 1461 4250 1486 4290; x_wconf 98' lang='lat' dir='ltr'><em>N</em></span> <span class='ocrx_word' id='word_1_319' title='bbox 1497 4238 1505 4307; x_wconf 96' lang='grc'><strong>11</strong></span> <span class='ocrx_word' id='word_1_320' title='bbox 1522 4241 1548 4290; x_wconf 93' lang='grc'><strong>11</strong></span> 
     </span>
     <span class='ocr_line' id='line_1_34' title="bbox 398 4323 1554 4400; baseline -0.004 -20"><span class='ocrx_word' id='word_1_321' title='bbox 398 4326 516 4381; x_wconf 87' lang='lat' dir='ltr'><strong>abcessit</strong></span> <span class='ocrx_word' id='word_1_322' title='bbox 528 4340 554 4381; x_wconf 92' lang='grc' dir='ltr'><em>Ν</em></span> <span class='ocrx_word' id='word_1_323' title='bbox 564 4327 574 4398; x_wconf 92' lang='grc'><strong>11</strong></span> <span class='ocrx_word' id='word_1_324' title='bbox 586 4345 636 4382; x_wconf 86' lang='lat' dir='ltr'><strong>nec</strong></span> <span class='ocrx_word' id='word_1_325' title='bbox 649 4342 733 4382; x_wconf 82' lang='lat' dir='ltr'><strong>unas</strong></span> <span class='ocrx_word' id='word_1_326' title='bbox 746 4330 754 4400; x_wconf 94' lang='grc'><strong>11</strong></span> <span class='ocrx_word' id='word_1_327' title='bbox 771 4332 800 4381; x_wconf 79' lang='grc'>12</span> <span class='ocrx_word' id='word_1_328' title='bbox 814 4328 917 4382; x_wconf 89' lang='lat' dir='ltr'><strong>uictum</strong></span> <span class='ocrx_word' id='word_1_329' title='bbox 930 4328 1037 4381; x_wconf 84' lang='lat' dir='ltr'><strong>hostem</strong></span> <span class='ocrx_word' id='word_1_330' title='bbox 1048 4339 1073 4381; x_wconf 92' lang='grc' dir='ltr'><em>Ν</em></span> <span class='ocrx_word' id='word_1_331' title='bbox 1083 4329 1092 4399; x_wconf 94' lang='grc'><strong>11</strong></span> <span class='ocrx_word' id='word_1_332' title='bbox 1109 4332 1138 4381; x_wconf 79' lang='lat' dir='ltr'><strong>ia</strong></span> <span class='ocrx_word' id='word_1_333' title='bbox 1151 4328 1186 4381; x_wconf 85' lang='lat' dir='ltr'><strong>ad</strong></span> <span class='ocrx_word' id='word_1_334' title='bbox 1198 4328 1242 4397; x_wconf 90' lang='grc' dir='ltr'><strong>Ν1</strong></span> <span class='ocrx_word' id='word_1_335' title='bbox 1258 4329 1289 4378; x_wconf 78' lang='lat' dir='ltr'><strong>ld</strong></span> <span class='ocrx_word' id='word_1_336' title='bbox 1307 4325 1361 4378; x_wconf 91' lang='lat' dir='ltr'><strong>huc</strong></span> <span class='ocrx_word' id='word_1_337' title='bbox 1380 4336 1404 4376; x_wconf 93' lang='lat' dir='ltr'><em>N</em></span> <span class='ocrx_word' id='word_1_338' title='bbox 1415 4323 1423 4393; x_wconf 94' lang='grc'><strong>11</strong></span> <span class='ocrx_word' id='word_1_339' title='bbox 1436 4323 1554 4394; x_wconf 89' lang='lat' dir='ltr'><strong>reliquas</strong></span> 
     </span>
     <span class='ocr_line' id='line_1_35' title="bbox 397 4407 1553 4484; baseline -0.006 -18"><span class='ocrx_word' id='word_1_340' title='bbox 397 4425 416 4466; x_wconf 75' lang='lat' dir='ltr'><strong>a</strong></span> <span class='ocrx_word' id='word_1_341' title='bbox 429 4412 438 4484; x_wconf 90' lang='grc'>1</span> <span class='ocrx_word' id='word_1_342' title='bbox 451 4413 563 4483; x_wconf 90' lang='lat' dir='ltr'><strong>quidam</strong></span> <span class='ocrx_word' id='word_1_343' title='bbox 576 4414 674 4469; x_wconf 81' lang='lat' dir='ltr'><strong>luroris</strong></span> <span class='ocrx_word' id='word_1_344' title='bbox 686 4421 776 4467; x_wconf 87' lang='lat' dir='ltr'><strong>aestus</strong></span> <span class='ocrx_word' id='word_1_345' title='bbox 787 4425 811 4467; x_wconf 92' lang='lat' dir='ltr'><em>N</em></span> <span class='ocrx_word' id='word_1_346' title='bbox 823 4412 832 4484; x_wconf 94' lang='grc'><strong>11</strong></span> <span class='ocrx_word' id='word_1_347' title='bbox 847 4417 878 4467; x_wconf 87' lang='grc'>18</span> <span class='ocrx_word' id='word_1_348' title='bbox 891 4414 939 4484; x_wconf 93' lang='lat' dir='ltr'><strong>qui</strong></span> <span class='ocrx_word' id='word_1_349' title='bbox 951 4413 1008 4484; x_wconf 84' lang='lat' dir='ltr'><strong>ipso</strong></span> <span class='ocrx_word' id='word_1_350' title='bbox 1019 4426 1039 4466; x_wconf 79' lang='grc' dir='ltr'><em>Β</em></span> <span class='ocrx_word' id='word_1_351' title='bbox 1052 4414 1061 4484; x_wconf 90' lang='grc'>1</span> <span class='ocrx_word' id='word_1_352' title='bbox 1074 4414 1187 4468; x_wconf 89' lang='lat' dir='ltr'><strong>sonabat</strong></span> <span class='ocrx_word' id='word_1_353' title='bbox 1198 4426 1217 4466; x_wconf 82' lang='grc' dir='ltr'><em>Ν</em></span> <span class='ocrx_word' id='word_1_354' title='bbox 1230 4412 1238 4483; x_wconf 94' lang='grc'><strong>11</strong></span> <span class='ocrx_word' id='word_1_355' title='bbox 1254 4415 1284 4464; x_wconf 86' lang='grc'>19</span> <span class='ocrx_word' id='word_1_356' title='bbox 1297 4407 1445 4463; x_wconf 83' lang='lat' dir='ltr'><strong>moretania</strong></span> <span class='ocrx_word' id='word_1_357' title='bbox 1458 4421 1476 4461; x_wconf 80' lang='lat' dir='ltr'><strong>a</strong></span> <span class='ocrx_word' id='word_1_358' title='bbox 1489 4408 1499 4478; x_wconf 92' lang='grc'><strong>11</strong></span> <span class='ocrx_word' id='word_1_359' title='bbox 1519 4410 1553 4459; x_wconf 79' lang='lat'><strong>20</strong></span> 
     </span>
     <span class='ocr_line' id='line_1_36' title="bbox 398 4493 1554 4571; baseline -0.006 -18"><span class='ocrx_word' id='word_1_360' title='bbox 398 4507 496 4570; x_wconf 86' lang='lat' dir='ltr'><strong>tapson</strong></span> <span class='ocrx_word' id='word_1_361' title='bbox 508 4513 534 4554; x_wconf 95' lang='lat' dir='ltr'><em>N</em></span> <span class='ocrx_word' id='word_1_362' title='bbox 544 4500 553 4571; x_wconf 94' lang='grc'><strong>11</strong></span> <span class='ocrx_word' id='word_1_363' title='bbox 566 4502 597 4552; x_wconf 84' lang='lat'><strong>21</strong></span> <span class='ocrx_word' id='word_1_364' title='bbox 612 4516 831 4552; x_wconf 88' lang='lat' dir='ltr'><strong>caesareanorum</strong></span> <span class='ocrx_word' id='word_1_365' title='bbox 850 4511 868 4551; x_wconf 80' lang='lat' dir='ltr'><em>N</em></span> <span class='ocrx_word' id='word_1_366' title='bbox 881 4498 891 4568; x_wconf 92' lang='grc'><strong>11</strong></span> <span class='ocrx_word' id='word_1_367' title='bbox 904 4502 936 4551; x_wconf 83' lang='grc'><strong>24</strong></span> <span class='ocrx_word' id='word_1_368' title='bbox 955 4504 983 4550; x_wconf 90' lang='lat' dir='ltr'><strong>et</strong></span> <span class='ocrx_word' id='word_1_369' title='bbox 999 4498 1115 4568; x_wconf 89' lang='lat' dir='ltr'><strong>primum</strong></span> <span class='ocrx_word' id='word_1_370' title='bbox 1133 4517 1176 4552; x_wconf 89' lang='lat' dir='ltr'><strong>om</strong></span> <span class='ocrx_word' id='word_1_371' title='bbox 1192 4510 1217 4552; x_wconf 94' lang='lat' dir='ltr'><em>N</em></span> <span class='ocrx_word' id='word_1_372' title='bbox 1228 4497 1236 4566; x_wconf 94' lang='grc'><strong>11</strong></span> <span class='ocrx_word' id='word_1_373' title='bbox 1249 4497 1314 4549; x_wconf 91' lang='lat' dir='ltr'><strong>iuua</strong></span> <span class='ocrx_word' id='word_1_374' title='bbox 1330 4506 1356 4548; x_wconf 95' lang='lat' dir='ltr'><em>N</em></span> <span class='ocrx_word' id='word_1_375' title='bbox 1366 4496 1375 4565; x_wconf 94' lang='grc'><strong>11</strong></span> <span class='ocrx_word' id='word_1_376' title='bbox 1388 4493 1446 4547; x_wconf 88' lang='lat' dir='ltr'><strong>eius</strong></span> <span class='ocrx_word' id='word_1_377' title='bbox 1463 4506 1488 4546; x_wconf 92' lang='lat' dir='ltr'><em>N</em></span> <span class='ocrx_word' id='word_1_378' title='bbox 1499 4493 1508 4564; x_wconf 93' lang='grc'><strong>11</strong></span> <span class='ocrx_word' id='word_1_379' title='bbox 1522 4496 1554 4547; x_wconf 84' lang='grc'><strong>26</strong></span> 
     </span>
     <span class='ocr_line' id='line_1_37' title="bbox 399 4580 1555 4654; baseline -0.005 -17"><span class='ocrx_word' id='word_1_380' title='bbox 399 4583 531 4638; x_wconf 90' lang='lat' dir='ltr'><strong>lituorum</strong></span> <span class='ocrx_word' id='word_1_381' title='bbox 544 4614 576 4625; x_wconf 92' lang='lat'>—</span> <span class='ocrx_word' id='word_1_382' title='bbox 590 4583 769 4654; x_wconf 83' lang='lat' dir='ltr'><strong>circumegere</strong></span> <span class='ocrx_word' id='word_1_383' title='bbox 782 4602 824 4636; x_wconf 86' lang='lat' dir='ltr'><strong>om</strong></span> <span class='ocrx_word' id='word_1_384' title='bbox 836 4596 861 4636; x_wconf 92' lang='lat' dir='ltr'><em>N</em></span> <span class='ocrx_word' id='word_1_385' title='bbox 872 4582 881 4652; x_wconf 92' lang='grc'>1</span> <span class='ocrx_word' id='word_1_386' title='bbox 894 4599 951 4636; x_wconf 89' lang='lat' dir='ltr'><strong>sese</strong></span> <span class='ocrx_word' id='word_1_387' title='bbox 965 4582 1122 4635; x_wconf 78' lang='lat' dir='ltr'><strong>Seebodius:</strong></span> <span class='ocrx_word' id='word_1_388' title='bbox 1141 4600 1198 4635; x_wconf 90' lang='lat' dir='ltr'><strong>csse</strong></span> <span class='ocrx_word' id='word_1_389' title='bbox 1215 4595 1234 4634; x_wconf 78' lang='grc' dir='ltr'><em>Β</em></span> <span class='ocrx_word' id='word_1_390' title='bbox 1247 4582 1256 4651; x_wconf 93' lang='grc'><strong>11</strong></span> <span class='ocrx_word' id='word_1_391' title='bbox 1269 4581 1360 4635; x_wconf 88' lang='lat' dir='ltr'><strong>statim</strong></span> <span class='ocrx_word' id='word_1_392' title='bbox 1374 4587 1402 4634; x_wconf 88' lang='lat' dir='ltr'><strong>et</strong></span> <span class='ocrx_word' id='word_1_393' title='bbox 1420 4580 1555 4634; x_wconf 85' lang='lat' dir='ltr'><strong>exercitus</strong></span> 
     </span>
     <span class='ocr_line' id='line_1_38' title="bbox 398 4666 1229 4739; baseline -0.001 -17"><span class='ocrx_word' id='word_1_394' title='bbox 398 4681 423 4722; x_wconf 96' lang='lat' dir='ltr'><em>N</em></span> <span class='ocrx_word' id='word_1_395' title='bbox 433 4668 443 4739; x_wconf 94' lang='grc'><strong>11</strong></span> <span class='ocrx_word' id='word_1_396' title='bbox 456 4672 489 4721; x_wconf 83' lang='lat'><strong>27</strong></span> <span class='ocrx_word' id='word_1_397' title='bbox 503 4676 531 4722; x_wconf 92' lang='lat' dir='ltr'><strong>et</strong></span> <span class='ocrx_word' id='word_1_398' title='bbox 543 4669 626 4722; x_wconf 91' lang='lat' dir='ltr'><strong>duces</strong></span> <span class='ocrx_word' id='word_1_399' title='bbox 638 4681 662 4721; x_wconf 94' lang='lat' dir='ltr'><em>N</em></span> <span class='ocrx_word' id='word_1_400' title='bbox 672 4669 681 4739; x_wconf 93' lang='grc'><strong>11</strong></span> <span class='ocrx_word' id='word_1_401' title='bbox 695 4672 726 4722; x_wconf 70' lang='grc'><strong>28</strong></span> <span class='ocrx_word' id='word_1_402' title='bbox 739 4675 825 4722; x_wconf 85' lang='lat' dir='ltr'><strong>morte</strong></span> <span class='ocrx_word' id='word_1_403' title='bbox 838 4680 862 4721; x_wconf 94' lang='lat' dir='ltr'><em>N</em></span> <span class='ocrx_word' id='word_1_404' title='bbox 872 4670 881 4739; x_wconf 96' lang='grc'><strong>11</strong></span> <span class='ocrx_word' id='word_1_405' title='bbox 894 4666 979 4721; x_wconf 90' lang='lat' dir='ltr'><strong>hostis</strong></span> <span class='ocrx_word' id='word_1_406' title='bbox 990 4681 1010 4721; x_wconf 79' lang='grc' dir='ltr'><em>Β</em></span> <span class='ocrx_word' id='word_1_407' title='bbox 1023 4668 1032 4736; x_wconf 96' lang='grc'><strong>11</strong></span> <span class='ocrx_word' id='word_1_408' title='bbox 1046 4671 1077 4720; x_wconf 77' lang='grc'><strong>29</strong></span> <span class='ocrx_word' id='word_1_409' title='bbox 1091 4667 1207 4737; x_wconf 77' lang='lat' dir='ltr'><strong>exigitu</strong></span> <span class='ocrx_word' id='word_1_410' title='bbox 1220 4669 1229 4737; x_wconf 90' lang='grc'><strong>11</strong></span> 
     </span>
    </p>
   </div>
   <div class='ocr_carea' id='block_1_4' title="bbox 0 0 1927 5534">
    <p class='ocr_par' dir='ltr' id='par_1_11' title="bbox 0 0 1927 5534">
     <span class='ocr_line' id='line_1_39' title="bbox 0 0 1927 5534; baseline 0 0"><span class='ocrx_word' id='word_1_411' title='bbox 0 0 1927 5534; x_wconf 95' lang='lat' dir='ltr'><strong> </strong></span> 
     </span>
    </p>
   </div>
  </div>
 </body>
</html>
