3809 5534
715 613 862 659 arraona
880 615 904 670 1,
921 607 966 656 56.
985 607 1016 657 ar
1036 595 1103 680 [rn,
1120 607 1148 657 2.
1166 595 1208 681 5].
1508 601 1544 661 62

424 785 528 827 errorem
547 762 579 824 in
600 762 770 826 eonsilium
796 763 946 840 uerterit,
970 764 1126 839 dubium3
1158 775 1242 828 certe
1264 765 1453 830 necessitate
1475 777 1554 831 aeta'

424 867 501 932 uirtus
514 868 664 932 uictoriae
679 888 775 932 causa
790 868 864 931 fuit.
896 891 973 933 nam
995 871 1163 953 flagitante
1185 892 1302 954 aquam
1323 872 1482 948 exercitu,
1504 867 1546 937 ‘si

423 972 467 1036 uiri
479 965 569 1049 estis,'
592 972 699 1056 inquit
717 967 794 1049 ‘en,
812 973 878 1036 illic
898 968 1046 1038 habetis.'
1070 975 1179 1058 itaque
1195 987 1285 1039 tanto
1300 979 1408 1040 ardore
1422 991 1547 1060 pugna:
1617 1019 1620 1026 ,

348 1133 350 1144 .
423 1087 550 1155 tum'est,
576 1100 614 1142 55
635 1081 746 1142 caedes
776 1077 919 1142 hostium
947 1081 1009 1144 fuit
1043 1092 1080 1144 ut
1102 1082 1206 1144 uictor
1225 1084 1392 1145 Romanus
1414 1093 1546 1147 cruento
1600 1113 1605 1122 ·

398 1183 523 1248 alumne
550 1206 616 1247 non
645 1185 719 1267 plus
746 1205 846 1266 aquae
871 1185 987 1248 biberit
1014 1208 1109 1269 quam
1135 1187 1301 1269 sanguinis
1326 1189 1543 1252 barbarorum.

421 1301 481 1353 certe
493 1313 546 1354 rex
560 1292 629 1374 ipse
645 1289 903 1366 Teutobocchus,
920 1301 1091 1373 quatemus
1107 1312 1262 1373 senosque
1274 1314 1372 1374 equos
1388 1294 1546 1358 transilire

420 1394 522 1473 alian,
540 1397 599 1459 uix
613 1418 716 1458 unum
725 1443 735 1472 ‚
752 1417 827 1458 cum
841 1396 966 1478 fugeret
974 1443 985 1472 ‚
1002 1395 1163 1471 aseendit,
1181 1396 1388 1480 proximoque
1409 1399 1444 1461 in
1460 1401 1545 1463 saltu

418 1502 627 1583 conprehensus
642 1501 768 1585 insigne
783 1502 1004 1584 spectaculum
1019 1502 1175 1584 triumphi
1192 1502 1264 1565 fuit.
1280 1502 1398 1586 quippe
1413 1504 1463 1567 nir
1474 1526 1545 1587 pro-

417 1606 530 1671 ceritatis
546 1608 683 1672 eximiae
698 1629 793 1690 super
807 1619 937 1690 tropaea
951 1629 1011 1670 sua
1025 1606 1196 1670 eminebat.

347 1767 352 1778 .
386 1715 405 1766 Η
481 1712 623 1778 Sublatis
638 1712 785 1776 funditus
800 1712 956 1776 Teutonis
971 1713 1006 1775 in
1026 1713 1172 1776 Cimbros
1192 1713 1401 1778 conuertitur.
1425 1716 1460 1779 hi
1480 1717 1545 1779 iam
1635 1779 1638 1791 ,

415 1821 518 1904 -quis
531 1818 691 1883 crederet?
707 1854 748 1866 -
763 1840 819 1902 per
833 1818 992 1894 hiemem,
1017 1840 1099 1900 quae
1120 1819 1216 1883 altius
1231 1820 1330 1903 Alpes
1345 1821 1452 1897 leuat,
1474 1821 1544 1884 Tri·

413 1922 531 1989 dentinis
558 1924 643 2007 iugis
664 1924 700 1986 in
723 1924 854 1987 Italiam
874 1923 1039 2007 prouoluti
1061 1924 1165 1988 ueluti
1187 1925 1282 1988 ruina
1303 1927 1541 1991 descenderant.

411 2029 539 2095 Athesim
554 2031 676 2093 flumen
691 2051 757 2093 non
772 2041 870 2112 ponte
884 2052 943 2093 nec
958 2030 1115 2104 nauibus,
1139 2032 1194 2093 sed
1216 2033 1355 2112 quadam
1370 2032 1545 2096 stoliditate

409 2133 553 2201 barbarica
567 2136 708 2219 primum
723 2134 905 2218 corporibus
918 2135 1071 2217 adgressi,
1088 2147 1258 2218 postquam
1269 2135 1405 2199 retinere
1417 2160 1545 2201 amnem

347 2257 352 2268 ·
376 2241 396 2294 ¹⁵
409 2242 542 2305 manibus
558 2253 591 2306 et
605 2240 717 2323 clipeis
732 2240 849 2303 frustra
864 2251 1121 2322 temptauerant,
1139 2241 1274 2324 ingesta
1295 2241 1379 2305 silua
1393 2243 1545 2305 obrutum

407 2348 596 2411 unsiluere:
627 2346 655 2409 si
676 2346 786 2409 statim
808 2346 925 2408 infesto
948 2345 1077 2427 agmine
1092 2347 1204 2410 urbem
1218 2346 1394 2429 petissent,
1422 2349 1544 2430 grande

403 2451 580 2530 discrimem
599 2454 655 2515 scd
669 2452 705 2514 in
719 2451 868 2527 Venetia,
886 2473 950 2533 quo
966 2450 1030 2513 fere
1046 2461 1151 2514 tractu
1167 2452 1265 2515 Italia
1279 2452 1468 2515 mollissima
1482 2463 1542 2528 est,

402 2555 458 2640 ipsa
472 2558 536 2622 soli
557 2557 702 2639 caelique
724 2555 893 2619 clementia
914 2558 1011 2620 robur
1034 2557 1190 2640 elanguit.
1223 2561 1264 2621 ad
1285 2559 1347 2620 hoc
1368 2558 1461 2641 panis
1482 2581 1545 2621 usu

399 2665 557 2748 carnisque
573 2673 682 2726 coctae
698 2672 730 2725 et
745 2661 914 2725 dulcedine
929 2661 1000 2724 uini
1022 2662 1186 2745 mitigatos
1208 2662 1330 2725 Marius
1352 2661 1544 2746 intempore

359 2770 384 2827 25
397 2773 561 2854 adgressus
576 2778 635 2831 est.
660 2789 777 2830 uenere
802 2767 851 2829 illi
878 2789 975 2850 quam
1001 2778 1033 2830 ct
1058 2768 1093 2830 in
1121 2767 1262 2831 barbaris
1283 2769 1387 2831 multa
1407 2768 1545 2851 uestigia

395 2876 474 2939 diem
488 2896 618 2958 pugnae
643 2896 663 2936 a
683 2884 793 2936 nostro
815 2872 1005 2954 imperatore
1027 2873 1207 2955 petierunt,
1236 2885 1268 2936 ct
1293 2874 1339 2937 sic
1362 2875 1545 2957 proximum

394 2983 488 3046 dedit.
514 2981 549 3043 iu
565 2977 808 3063 patentissimo,
834 3000 929 3061 quem
945 2978 1111 3042 Raudium
1126 2990 1262 3054 uocant,
1286 3001 1398 3063 campo
1414 3003 1544 3044 concur·

393 3109 466 3150 rere.
497 3087 573 3149 inde
594 3084 685 3146 milia
700 3084 868 3166 sexaginta
882 3084 1024 3167 quinque
1040 3084 1200 3160 cecidere,
1228 3085 1305 3147 hinc
1321 3087 1471 3150 trecentis
1486 3087 1545 3149 mi·

393 3214 470 3269 nus3
496 3213 554 3275 per
569 3211 697 3253 omnem
712 3189 797 3252 diem
812 3189 991 3252 conciditur
1011 3190 1176 3253 barbarus.
1202 3190 1275 3253 istic
1299 3213 1425 3274 quoque
1446 3191 1545 3274 impe·
1653 3249 1655 3254 .

346 3300 377 3358 25
391 3309 474 3362 rator
505 3296 669 3360 addiderat
696 3294 810 3357 uirtuti
838 3295 967 3369 dolum,
1003 3305 1131 3358 secutus
1157 3295 1352 3359 Annibalem
1383 3307 1546 3380 artemque

393 3405 596 3476 Cannarum
620 3401 761 3485 primum
775 3400 967 3462 nebulosum
982 3411 1120 3462 nanctus
1144 3401 1246 3477 diem,
1275 3411 1313 3463 ut
1334 3400 1420 3464 hosti
1442 3402 1545 3483 inopi-

394 3520 488 3573 natus
505 3516 698 3582 occurreret,
722 3516 793 3568 tum
807 3516 980 3568 uentosum
996 3527 1145 3587 quoque,
1163 3517 1200 3568 ut
1214 3506 1323 3590 puluis
1338 3506 1374 3567 in
1389 3508 1497 3569 oculos
1513 3518 1545 3569 et

393 3637 444 3677 ora
459 3614 606 3688 ferretur,
624 3622 694 3675 tum
710 3609 777 3673 acie
792 3631 946 3675 conuersa
957 3610 992 3671 in
1004 3611 1169 3686 orientem,
1187 3622 1235 3686 ut,
1252 3612 1338 3693 quod
1353 3623 1393 3674 ex
1408 3610 1545 3693 captiuis

397 3924 405 3972 l
417 3938 508 3974 errore
520 3932 540 3972 B
553 3920 562 3990 Η
575 3922 590 3971 2
604 3935 685 3972 eausa
696 3916 826 3970 uictoriae
837 3927 862 3968 N
872 3915 881 3986 ΗΗ
901 3915 1069 3985 flagitantem
1087 3934 1184 3986 aquam
1197 3916 1345 3970 exercitum
1357 3931 1377 3971 Β
1390 3921 1399 3990 Η
1412 3921 1546 3973 exercitus

393 4010 443 4063 uiri
454 4020 480 4062 N
490 4008 500 4079 ΗΗ
514 4012 529 4061 3
542 4008 632 4078 inquit
642 4006 708 4060 estis
719 4017 744 4058 N
754 4006 763 4075 ΗΗ
777 3989 810 4059 eri
821 4017 841 4058 Β
854 4005 862 4075 ΗΗ
876 4008 891 4056 4
904 4012 995 4058 estem
1005 4018 1030 4058 N
1041 4005 1050 4075 ΗΗ
1064 4022 1164 4074 eaquae
1171 4006 1297 4058 eaedesN
1307 4009 1315 4075 Η
1329 4007 1363 4060 (15
1371 4015 1515 4062 cruentoN
1525 4009 1535 4079 ΗΗ

395 4098 408 4146 5
421 4094 566 4148 ebiberita
578 4093 588 4162 11
601 4096 616 4146 6
629 4089 859 4155 teulouocatusB,
875 4091 1036 4144 teutobocus
1047 4102 1073 4143 N
1083 4091 1092 4159 ΗΗ
1106 4093 1332 4161 Sconpraeususb
1346 4093 1355 4163 ΗΗ
1372 4093 1500 4163 255252515Η
1517 4095 1547 4144 22

393 4179 478 4233 ueluti
484 4177 686 4232 addidiroraBN
696 4176 704 4244 Η
717 4175 847 4228 ruinamB
860 4175 869 4245 ΗΗ
885 4175 1046 4255 13Athesi1p
1053 4175 1218 4228 Salmasius:
1231 4176 1381 4241 adaesim,
1391 4176 1547 4229 adhostesin

392 4275 416 4315 N
426 4265 435 4335 ΗΗ
451 4267 482 4316 15
502 4262 630 4316 obrutum
649 4260 718 4314 silua
728 4272 754 4313 N
764 4261 773 4331 ΗΗ
789 4263 819 4314 16
832 4266 860 4314 55
872 4261 895 4313 si
906 4273 931 4313 N
942 4260 950 4331 ΗΗ
966 4264 996 4313 17
1010 4259 1154 4328 discrimen
1166 4267 1237 4314 55555
1248 4273 1271 4313 N
1283 4261 1292 4330 ΗΗ
1305 4278 1321 4313 5
1339 4279 1393 4331 quo
1404 4274 1424 4314 Β
1437 4262 1445 4330 ΗΗ
1458 4260 1549 4313 italiae

394 4349 407 4401 b
420 4350 429 4420 Η
443 4353 476 4403 20
489 4354 532 4401 555
540 4378 571 4387 -
579 4345 697 4415 uestigia
709 4358 776 4399 omli
789 4345 798 4416 ΗΗ
811 4363 891 4416 quam
904 4352 993 4398 metus
1005 4346 1033 4398 in
1045 4345 1165 4398 barbaris
1177 4345 1254 4398 nulla
1264 4345 1381 4414 uestigia
1387 4344 1545 4398 Salmasius.

387 4435 508 4500 fortasse
516 4448 615 4485 uenere
627 4429 698 4494 ilica,
713 4448 774 4483 nam
787 4439 876 4484 metus
887 4431 915 4482 in
928 4429 1049 4483 barbaris
1061 4430 1138 4482 nulla
1150 4430 1267 4500 uestigia
1279 4430 1288 4500 ΗΗ
1302 4432 1331 4482 21
1347 4435 1374 4481 55
1386 4428 1429 4481 hie
1441 4428 1547 4481 Persae-

392 4518 450 4571 m‘us
463 4519 472 4588 l
487 4520 519 4570 22
533 4515 758 4586 inpatientissimo
769 4529 795 4570 N
804 4517 813 4587 ΗΗ
827 4520 858 4568 23
874 4515 949 4568 milia
961 4515 1024 4567 inde
1033 4516 1234 4568 Lxceciderunt
1244 4527 1270 4566 N
1280 4514 1289 4583 Η
1302 4512 1429 4567 trecentis
1442 4513 1547 4565 Salma-

391 4602 460 4655 sius:
481 4602 563 4656 tertio
575 4614 618 4655 BN
628 4602 637 4673 ΗΗ
651 4604 683 4653 24
697 4618 775 4653 omne
786 4612 806 4653 Β
818 4600 828 4670 ΗΗ
840 4601 886 4654 isti
897 4613 922 4653 N
932 4602 941 4670 ΗΗ
955 4604 987 4652 25
1000 4599 1136 4652 addiderit
1148 4613 1167 4652 Β
1180 4601 1188 4671 ΗΗ
1203 4603 1234 4651 26
1250 4605 1346 4651 nactus
1357 4609 1376 4650 Β
1389 4596 1398 4666 ΗΗ
1412 4600 1443 4649 22
1456 4615 1548 4651 occur·

392 4695 432 4740 ret
442 4699 468 4740 N
479 4687 489 4756 ΗΗ
502 4687 593 4757 puluis
605 4705 647 4740 om
658 4698 678 4739 Β
691 4686 699 4755 ΗΗ
713 4685 799 4738 oeulis
809 4696 829 4736 Β
842 4686 850 4754 Η
865 4689 896 4739 25
909 4688 981 4741 acies
993 4700 1020 4752 Β,
1035 4686 1104 4740 aciet
1116 4697 1141 4738 N
1151 4684 1160 4753 ΗΗ
