3809 5534
961 406 1032 450 IVLI
1048 406 1147 451 nolu

689 625 806 691 xvn.
831 625 1016 720 nnunvu
1032 624 1159 688 cussr
1174 625 1234 688 nr
1248 623 1403 690 naver.

356 864 422 920 1111,
438 846 589 909 7Brutus
606 856 638 907 et
653 844 783 909 Cassius
799 844 844 908 sic
859 846 1028 909 Caesarem
1050 843 1142 929 quasi
1162 843 1376 928 Tarquinium
1396 866 1508 929 regem
1527 846 1624 929 depu-

473 952 547 1014 lisse
563 972 660 1033 regno
676 950 887 1026 uidebantur,
905 961 952 1012 set
967 950 1160 1025 libertatem,
1179 971 1275 1033 quam
1288 950 1429 1013 maxime
1443 951 1626 1015 restitutam

473 1058 657 1131 uoluenmt,
674 1055 730 1118 illo
745 1056 814 1139 ipso
831 1053 1001 1139 parricidio
1014 1047 1236 1140 perdiderunt.
1261 1054 1361 1139 igitur
1374 1057 1473 1118 caede
1488 1057 1627 1138 perfecta

474 1186 548 1226 cum
562 1172 730 1226 ueteranos
746 1160 908 1236 Caesaris,
932 1181 992 1222 nec
1007 1158 1176 1237 inmerito,
1194 1160 1362 1237 timerent,
1379 1160 1493 1223 statim
1507 1183 1525 1224 e
1541 1161 1627 1225 curia
1652 1178 1662 1227 ε

473 1269 507 1331 in
524 1266 721 1350 Capitolium
736 1266 957 1349 confugerant.
983 1286 1043 1327 nec
1057 1264 1123 1327 illis
1134 1268 1176 1329 ad
1187 1266 1345 1329 ultionem
1359 1267 1471 1329 deerat
1486 1268 1626 1343 animus,

475 1376 530 1437 sed
546 1375 660 1437 ducem
674 1375 819 1435 nondum
833 1371 1006 1434 habebant.
1048 1370 1148 1453 igitur
1162 1392 1237 1434 cum
1252 1381 1436 1454 appareret,
1453 1393 1538 1454 quae
1553 1383 1629 1436 stra·

474 1501 530 1562 ges
545 1478 591 1541 rei
604 1477 751 1561 publicae
765 1476 954 1552 inmineret,
971 1474 1135 1558 displicuit
1150 1476 1243 1552 ultio,
1261 1498 1337 1539 cum
1350 1472 1464 1540 caedes
1480 1477 1629 1561 inproba-

474 1593 573 1647 retur.
605 1583 705 1665 igitur
730 1582 893 1647 Ciceronis
918 1580 1060 1644 consiliis
1087 1582 1260 1645 abolitione
1286 1583 1432 1658 decreta,
1454 1603 1500 1645 ne
1522 1593 1627 1646 tamen

474 1687 597 1771 publici
611 1688 728 1751 doloris
742 1689 850 1750 oculos
872 1685 1021 1762 ferirent,
1045 1686 1081 1749 in
1101 1686 1282 1770 prouincias
1302 1687 1342 1749 ab
1363 1685 1421 1748 illo
1441 1686 1515 1769 ipso
1536 1708 1624 1770 quem
1639 1696 1661 1747 lt

475 1794 657 1855 occiderant
672 1795 806 1857 Caesare
821 1794 931 1867 datas,
957 1792 1083 1873 Syriam
1098 1803 1131 1855 et
1146 1791 1370 1855 Macedoniam
1391 1802 1621 1857 concesserant.

433 1878 436 1883 ⁵
476 1898 521 1961 sic
536 1896 680 1960 uindicta
695 1897 838 1961 Caesaris
854 1897 954 1959 dilata
969 1896 1076 1978 potius
1091 1919 1189 1980 quam
1203 1918 1353 1980 oppressa
1366 1906 1427 1959 est.

561 2003 667 2086 Igitur
681 2003 747 2066 iam
762 2002 908 2065 ordinata
922 2002 1025 2084 magis
1040 2012 1076 2064 ut
1090 2013 1215 2085 poterat
1230 2024 1327 2085 quam
1341 2011 1378 2064 ut
1393 2003 1534 2065 debebat
1548 2002 1622 2065 inter

476 2108 660 2171 triumuiros
674 2107 872 2190 republica,
896 2107 1007 2169 relicto
1022 2109 1063 2170 ad
1077 2108 1164 2171 urbis
1177 2106 1373 2190 praesidium
1387 2108 1535 2191 Lepido,
1552 2108 1620 2172 Cae

477 2236 528 2276 sar
542 2234 617 2275 cum
630 2212 775 2275 Antonio
789 2212 825 2273 in
839 2212 989 2275 Cassium
1010 2215 1212 2296 Brutumque
1234 2212 1443 2295 succingitur.
1476 2213 1528 2276 illi
1548 2218 1658 2276 eon-15

476 2318 597 2400 paratis
612 2317 798 2400 ingentibus
813 2316 913 2400 copiis
929 2319 1064 2380 eandem
1078 2318 1188 2394 illam,
1206 2340 1287 2401 quae
1301 2317 1409 2381 fatalis
1424 2318 1523 2382 Gneo
1538 2319 1621 2383 Pom·

475 2422 549 2505 peio
564 2422 638 2498 fuit,
655 2422 808 2485 harenam
823 2422 1019 2486 insederant.
1046 2425 1102 2486 sed
1121 2446 1182 2487 nec
1197 2436 1267 2487 tum
1281 2423 1479 2487 inminentia
1492 2421 1621 2487 destina·

477 2540 529 2591 tae
544 2528 643 2591 cladis
658 2529 834 2591 latuenmt.
858 2537 983 2590 namet
1005 2529 1106 2612 signis
1127 2530 1248 2593 insedit
1268 2549 1405 2591 examen
1425 2540 1460 2592 et
1481 2532 1622 2593 admeto

477 2636 671 2695 cadauerum
695 2634 814 2715 pabulo
840 2635 986 2696 uolucres
1013 2644 1116 2698 castra
1141 2635 1233 2718 quasi
1255 2634 1320 2695 iam
1341 2655 1399 2696 sua
1421 2633 1622 2699 circumuola-

477 2739 575 2812 bant,
603 2749 635 2799 et
656 2737 690 2798 in
713 2739 814 2800 aciem
828 2739 1061 2820 prodeuntibus
1082 2740 1197 2803 obuius
1217 2738 1375 2822 Aethiops
1402 2738 1503 2803 nimis
1524 2750 1621 2823 aperte
1636 2746 1662 2796 2⁰

478 2844 575 2905 ferale
590 2843 719 2925 signum
733 2843 806 2905 fuit.
824 2843 949 2927 ipsique
964 2847 1065 2908 Bruto
1080 2868 1136 2929 per
1150 2854 1291 2920 noctem,
1308 2866 1384 2906 cum
1395 2843 1499 2907 inlato
1510 2845 1623 2908 lmnine

478 2969 519 3011 ex
534 2969 621 3009 more
636 2947 744 3029 aliqua
758 2968 867 3011 secum
882 2950 1037 3032 agitaret,
1062 2961 1130 3013 atra
1151 2951 1308 3034 quaedam
1329 2949 1438 3033 imago
1460 2971 1495 3013 se
1518 2948 1623 3014 obtulit

479 3063 524 3128 et,
541 3074 622 3135 quae
638 3062 722 3115 esset
735 3052 948 3136 interrogata,
968 3048 1067 3119 ‘tuus'
1090 3056 1196 3139 inquit
1212 3051 1331 3119 ‘malus
1351 3054 1469 3138 genius
1476 3048 1499 3132 ,³
1516 3078 1560 3120 ac
1573 3056 1622 3120 sub

396 3221 400 3228 ,
479 3157 579 3220 oculis
602 3155 748 3220 mirantis
771 3159 914 3221 euanuit.
943 3161 1014 3242 pari
1035 3161 1071 3223 in
1090 3162 1222 3225 meliora
1243 3161 1409 3245 praesagio
1431 3161 1469 3224 in
1488 3160 1622 3226 Caesaris

478 3262 589 3326 castris
605 3261 712 3325 omnia
726 3262 1031 3347 auesuictimaeque
1045 3264 1266 3347 promiserant.
1291 3266 1348 3329 sed
1364 3265 1450 3328 nihil
1469 3266 1529 3330 illo
1547 3287 1623 3351 prae·
1636 3270 1659 3322 2⁵

479 3367 629 3443 stantius,
643 3368 728 3449 quod
737 3368 881 3431 Caesaris
888 3370 1037 3449 medicus
1052 3369 1175 3433 somnio
1190 3370 1373 3433 admonitus
1388 3381 1449 3448 est,
1465 3381 1506 3435 ut
1520 3372 1622 3436 caesa

479 3474 591 3537 castris
606 3475 790 3549 excederet,
808 3473 923 3556 quibus
946 3475 1019 3558 oapi
1038 3474 1245 3551 imminebat3
1270 3486 1308 3539 ut
1328 3476 1453 3539 factum
1474 3486 1535 3541 est.
1559 3475 1620 3540 acie

478 3600 616 3661 namque
622 3578 790 3643 commissa
797 3602 871 3643 cum
876 3580 947 3663 pari
960 3582 1068 3644 ardore
1076 3578 1264 3662 aliquandiu
1278 3579 1469 3645 dimicatum
1483 3582 1574 3657 foret,
1583 3590 1618 3655 et,

481 3936 496 3987 2
509 3950 537 4003 g.
551 3948 685 3986 caesarem
696 3930 741 4002 ΝΙΙ
754 3932 932 4003 ἁθριιιὶειειιι
944 3935 954 4006 11
966 3937 981 3987 3
995 3935 1139 3990 uidebatur
1149 3948 1169 3989 a
1181 3936 1191 4007 l
1204 3934 1244 3989 sel
1261 3936 1291 4001 ὀ,
1313 3936 1438 4007 sedBNss
1452 3942 1467 3991 5
1480 3954 1496 3991 e
1508 3954 1550 3991 om
1560 3932 1619 4003 ΝΙΊ

480 4023 621 4088 apperaret
631 4016 677 4088 ΝΙΙ
698 4019 787 4071 ecum
805 4020 923 4073 consulis
934 4020 1084 4073 abolicione
1096 4032 1119 4073 N
1131 4020 1140 4091 ll
1156 4024 1186 4074 10
1200 4027 1322 4090 spernent
1338 4021 1384 4092 Nl
1399 4024 1430 4074 13
1448 4022 1505 4076 iam
1521 4039 1563 4075 om
1575 4028 1597 4072 N
1604 4014 1612 4085 l

481 4121 561 4173 quam
574 4102 686 4156 uidebat
696 4102 725 4156 in
737 4102 893 4157 triumuiros
904 4122 948 4158 res
959 4105 1069 4174 publica
1079 4118 1105 4159 N
1115 4105 1124 4175 l
1140 4108 1169 4156 17
1189 4122 1239 4157 nec
1257 4111 1300 4158 tot
1315 4118 1336 4160 B
1348 4104 1358 4175 ll
1373 4108 1405 4159 18
1418 4106 1505 4160 cladis
1515 4102 1620 4159 destina·

480 4194 523 4240 tae
536 4188 615 4262 signa
626 4187 819 4257 latueruntNll
833 4194 905 4241 et-
918 4206 1030 4242 examen
1049 4208 1090 4242 om
1106 4202 1130 4243 N
1142 4188 1152 4259 ll
1167 4192 1198 4242 19
1216 4196 1303 4243 castra
1320 4208 1363 4242 om
1380 4203 1401 4245 N
1414 4190 1470 4261 1120
1491 4198 1520 4245 et
1531 4184 1619 4254 ΙιιιιιΝΙ

480 4273 559 4327 ouius
571 4286 597 4327 Ν
607 4273 616 4344 ll
628 4273 753 4343 aethiope
764 4285 784 4325 13
797 4273 806 4343 ll
819 4276 851 4326 22
864 4274 965 4342 optulit
975 4287 1001 4328 Ν
1011 4276 1019 4345 Η
1033 4278 1065 4327 23
1078 4292 1131 4344 qua
1148 4287 1167 4327 N
1180 4274 1190 4343 ll
1202 4274 1299 4344 inquid
1316 4287 1336 4328 B
1348 4273 1358 4345 l
1370 4292 1402 4328 ac
1414 4276 1467 4329 sub
1478 4272 1620 4345 Harpen·

479 4357 531 4411 hoc
542 4358 593 4412 sub
605 4370 624 4413 N
631 4396 638 4422 ,
653 4358 705 4411 hoc
718 4364 746 4411 et
757 4357 808 4411 sub
820 4370 846 4411 N
855 4358 864 4429 ll
878 4361 911 4410 24
923 4358 1050 4412 mirantes
1063 4359 1078 4411 b
1091 4359 1100 4429 ΙΙ
1113 4359 1253 4429 praesagia
1265 4358 1280 4410 b
1293 4358 1302 4429 ss
1315 4361 1347 4413 25
1359 4360 1532 4430 praesentius
1543 4371 1567 4413 N
1574 4357 1582 4427 l
1593 4356 1618 4407 26

482 4442 810 4513 omninoNllestaddgr
828 4442 944 4512 omBNll
959 4444 1139 4507 zaetarius:
1153 4444 1269 4515 omBNll
