3809 5534
796 589 992 636 sesamam.
1390 580 1478 635 XXV

309 740 396 821 quod
412 762 433 821 p
451 746 503 814 80,
523 744 540 800 2
563 730 728 820 aptissimo
743 737 812 800 loco
828 739 981 822 leguntur
992 733 1045 801 ‘ue
1054 739 1193 821 populus
1211 739 1352 822 pontium
1374 740 1475 804 uictor

307 844 454 926 orbisque
462 864 627 926 possessor
642 842 763 905 laribus
779 866 817 905 ae
823 844 913 927 focis
928 842 995 906 suis
1010 835 1180 919 exularet',
1205 865 1286 925 quac
1303 856 1368 907 tam
1382 846 1473 909 breui

307 948 412 1031 spatio
427 948 478 1011 bis
499 947 576 1030 poni
596 970 661 1009 non
684 947 825 1030 potuisse
840 947 905 1010 iam
925 947 983 1009 diu
1004 958 1206 1030 perspectum
1228 959 1287 1011 est.
1312 971 1375 1031 qua
1389 949 1424 1012 in
1438 972 1472 1013 re

307 1053 489 1116 Gracuium
503 1051 601 1115 miror
616 1051 683 1132 qui,
701 1074 775 1114 cum
790 1052 966 1115 Salmasius
982 1052 1156 1115 rectissime
1177 1054 1353 1116 monuisset
1368 1054 1471 1136 priore

304 1158 374 1219 loco
391 1180 429 1219 ea
445 1157 544 1220 uerba
557 1177 722 1238 perperam
736 1157 840 1239 posita
863 1178 949 1232 esse,
973 1156 1145 1239 posteriore
1167 1159 1274 1241 potius
1296 1157 1394 1220 deleri
1415 1181 1470 1221 uo-

304 1261 377 1324 luit.
404 1264 461 1324 sed
475 1283 569 1324 nemo
592 1261 765 1343 explicauit
794 1262 850 1344 qui
872 1262 993 1324 factum
1014 1261 1056 1324 sit
1078 1271 1116 1323 ut
1137 1262 1216 1324 haee
1232 1264 1331 1325 uerba
1344 1274 1470 1327 mutata

303 1365 442 1428 lectione
457 1366 493 1428 in
507 1366 601 1429 illum
615 1367 721 1430 locum
737 1367 893 1430 translata
908 1366 984 1428 sint.
1020 1388 1061 1427 ex
1081 1365 1126 1428 eis
1149 1388 1230 1449 quae
1251 1370 1291 1430 de
1306 1374 1337 1431 X
1359 1368 1468 1452 dispu-

305 1482 373 1533 tata
388 1481 465 1533 sunt
481 1480 623 1553 apparet,
641 1492 715 1533 cum
728 1470 764 1532 in
779 1493 816 1534 eo
831 1471 986 1555 scriptum
999 1470 1113 1534 fuisset

346 1598 386 1638 ue
400 1576 542 1657 populus
561 1574 702 1659 qoutr'um
723 1575 824 1639 uictor
845 1575 989 1660 orbisque
1003 1597 1167 1658 possessor
1185 1575 1306 1639 loribus
1327 1598 1365 1638 oc
1375 1575 1467 1660 focis

513 1680 580 1743 suis
595 1680 738 1744 exularet
788 1676 791 1681 ’

302 1784 502 1867 adscriptum
523 1806 590 1847 esse
610 1805 668 1866 pro
687 1784 777 1848 uaria
801 1785 957 1862 lectione,
975 1786 1108 1849 fortasse
1123 1785 1158 1847 in
1172 1784 1316 1868 margine
1332 1783 1467 1847 antima

300 1889 423 1971 pagina

344 2017 384 2057 uo
398 1995 540 2077 populus
558 1994 699 2079 qeuu'um
715 1993 816 2059 uictor
837 1995 982 2079 orbisque
995 2016 1159 2078 possessor
1180 1993 1315 2059 extorris
1337 1993 1405 2057 oris
1426 2016 1465 2057 oo

502 2099 592 2183 focis
607 2109 714 2184 oqeret

300 2225 382 2286 quae
398 2214 510 2287 postea
524 2226 626 2267 errore
641 2204 848 2268 describentis
863 2205 981 2267 salsum
995 2205 1101 2268 locum
1122 2212 1329 2288 occuparunt.
1355 2203 1463 2284 itaque

299 2309 354 2371 hic
370 2331 496 2392 quoquc
511 2311 591 2372 duas
607 2308 750 2372 eiusdem
776 2308 838 2371 loci
861 2308 1013 2373 lectiones
1036 2309 1168 2372 traditas
1183 2309 1358 2383 habemus,
1386 2329 1463 2390 qua·

297 2436 372 2475 rum
388 2425 460 2476 utra
473 2434 550 2475 uera
564 2413 605 2476 sit
621 2434 737 2496 anceps
756 2411 912 2475 iudicium
927 2425 987 2477 est.

299 2540 320 2599 p
342 2524 397 2593 91,
419 2526 454 2581 17
478 2517 514 2580 in
539 2517 647 2580 codice
667 2523 704 2582 N
726 2518 805 2580 haec
831 2518 1002 2600 leguntur,
1030 2540 1112 2600 quae
1134 2516 1312 2580 emendatis
1335 2516 1462 2579 leuibus

299 2622 494 2704 quibusdam
505 2622 630 2685 mendis
639 2617 871 2685 adscribam‘lu‘
881 2623 986 2704 copias
1002 2622 1069 2686 uiri
1082 2621 1138 2685 diu
1153 2630 1183 2684 ot
1196 2621 1330 2703 ouorpiti
1342 2642 1463 2702 semper

298 2728 367 2789 ocio
382 2726 551 2802 ottriuere,
569 2749 624 2790 uec
640 2736 744 2790 romeu
751 2727 848 2809 prius
864 2728 943 2790 bollo
958 2749 1053 2811 quom
1069 2747 1196 2790 suorum
1211 2725 1325 2788 scelere
1339 2734 1370 2788 et
1384 2724 1460 2787 iusi·

298 2831 363 2895 diis
379 2831 533 2895 extinctus
548 2840 603 2895 est.
629 2831 734 2913 copias
750 2830 816 2894 eius
825 2853 927 2914 prope
943 2841 1007 2895 toto
1022 2831 1171 2914 bospouio
1185 2829 1347 2913 persecuti
1360 2828 1416 2892 diu
1431 2838 1462 2893 et

297 2935 436 3017 ancipiti
448 2957 569 3018 sempor
584 2934 651 2998 ocio
667 2930 884 3001 domuueruut’
890 2986 896 3000 .
922 2938 1082 3001 Graeuius
1099 2958 1172 2999 cum
1187 2936 1312 2999 uideret
1326 2936 1461 2997 eandem

298 3040 493 3103 sententiam
509 3040 628 3104 eisdem
641 3041 706 3103 fere
722 3040 827 3103 uerbis
843 3053 1029 3125 conceptam
1044 3065 1110 3104 non
1124 3041 1267 3124 potuisse
1283 3063 1302 3102 a
1317 3041 1410 3103 Floro
1425 3039 1460 3101 in

297 3154 390 3207 tanta
404 3144 563 3207 breuitate
578 3145 694 3227 repeti,
709 3148 808 3209 uerba
819 3140 890 3210 ‘diu
905 3156 936 3210 et
949 3147 1084 3229 aucopito‘
1096 3167 1217 3228 semper
1231 3144 1299 3207 ocs‘e
1313 3147 1459 3208 domeur-

296 3242 385 3313 ruut’
401 3244 567 3330 et‘copios
583 3242 659 3312 eius'
675 3250 774 3313 deleri
789 3250 893 3313 uoluit
915 3261 1077 3333 tamquam
1100 3251 1400 3333 interpretamenta,
1428 3259 1460 3311 et

293 3375 376 3435 quae
390 3364 514 3416 restant
525 3347 635 3436 ‘prope
650 3363 714 3418 totu
720 3355 884 3436 Hisponis
892 3349 1063 3438 persecuto⁰
1079 3358 1315 3439 transponenda
1328 3365 1401 3437 post
1412 3348 1463 3417 ‘lu'

295 3458 404 3539 copias
419 3450 495 3520 uiri'
512 3458 646 3522 censuit.
672 3481 785 3522 uerum
800 3459 846 3522 ita
861 3460 967 3523 locum
982 3461 1109 3524 restitui
1123 3484 1189 3524 non
1204 3483 1295 3546 posse
1311 3462 1402 3523 doect
1417 3466 1457 3533 B,

292 3561 327 3624 in
343 3584 407 3644 quo
423 3562 503 3625 haee
519 3564 558 3624 ab
572 3562 666 3625 initio
682 3565 833 3646 legrmtur
845 3560 896 3628 ‘lu'
915 3565 1022 3647 eops'os
1044 3566 1246 3630 odtriuerout
1263 3564 1331 3626 uiri
1351 3562 1407 3624 diu
1428 3569 1460 3623 et

293 3666 431 3748 coeptu·
442 3688 565 3749 semper
578 3667 647 3730 acie
654 3678 835 3750 puquotum
850 3662 922 3744 esst·
937 3691 1018 3753 quae
1033 3681 1211 3751 sequuntur
1225 3690 1291 3729 non
1306 3666 1458 3729 differunt

292 3771 332 3832 ab
348 3769 394 3831 eis
410 3792 492 3851 quae
508 3773 602 3834 modo
624 3793 665 3833 ex
685 3778 723 3834 N
734 3772 898 3855 adscripsi.
923 3782 1053 3857 apparet
1074 3772 1139 3835 iam
1161 3774 1259 3835 uerba
1277 3780 1458 3855 puquotum

291 3882 347 3950 est,
366 3897 448 3956 quae
464 3881 503 3939 N
514 3875 620 3938 omisit
634 3885 672 3937 ut
687 3875 794 3958 aliquo
808 3880 903 3941 modo
918 3888 1112 3941 structuram
1127 3878 1276 3953 efficeret,
1293 3889 1457 3959 tamquam

291 3978 421 4041 maioris
437 3978 554 4042 ulceris
570 3980 706 4062 uestigia
723 3981 833 4044 relicta
848 4004 935 4057 cssc3
968 3993 999 4045 et
1023 4004 1063 4045 ex
1084 3983 1129 4046 eis
1151 4003 1233 4065 quae
1249 3985 1288 4046 de
1303 3983 1411 4046 codiee
1427 3989 1457 4046 X

291 4082 376 4145 dicta
392 4092 470 4146 sunt
485 4082 601 4146 certius
617 4084 714 4146 etiam
730 4085 838 4168 colligi
852 4097 958 4170 potest
987 4109 1099 4149 uerum
1121 4087 1240 4151 uidisse
1263 4068 1453 4163 Graeuium,

291 4208 363 4249 cum
378 4198 510 4270 putaret
525 4189 624 4249 uerba
642 4183 714 4250 ‘diu
737 4198 768 4252 et
788 4190 886 4252 uorr‘u
906 4212 1029 4273 semper
1045 4184 1120 4253 ucie‘
1136 4213 1193 4273 pro
1208 4192 1299 4255 uaria
1319 4191 1456 4253 lectione

293 4290 453 4375 adscripta
468 4313 537 4355 esse
552 4291 616 4355 illis
635 4286 706 4356 ‘diu
731 4302 762 4356 et
782 4294 917 4377 ouu'piti
935 4317 1058 4377 semper
1072 4289 1171 4370 ooie’,·
1189 4299 1245 4360 sed
1259 4296 1375 4359 melius
1390 4295 1457 4356 iam

291 4407 537 4479 utrumcumque
553 4419 665 4461 uerum
681 4408 731 4460 est
753 4400 793 4461 ad
800 4407 982 4481 puquotum
1003 4410 1049 4464 est
1069 4401 1227 4483 pertinere
1242 4399 1453 4463 censebimus.

292 4509 356 4564 tum
370 4501 455 4564 illud
478 4523 603 4584 quoque
625 4513 710 4565 recte
731 4503 911 4586 perspexit,
936 4505 1042 4567 uerbis
1060 4500 1110 4569 ‘bu'
1131 4506 1236 4587 copias
1255 4503 1460 4570 odtriueruut

292 4598 360 4669 uiri'
376 4608 493 4670 eodem
508 4609 602 4670 modo
618 4608 697 4671 olim
705 4608 864 4690 adscripta
872 4609 971 4673 fuisse
987 4603 1376 4694 quaesequuntur‘copo'os
1391 4610 1459 4676 eius
