3809 5534
467 619 589 676 XLIIII
951 628 1149 673 amerino.

504 759 507 764 .
533 793 662 868 temque
676 802 783 844 meam
795 801 872 843 cum
886 779 1024 843 fortunis
1044 789 1077 844 et
1102 777 1214 843 ceteris
1234 778 1322 848 uitae
1336 778 1510 858 ¹laboribus
1528 780 1634 862 conte

531 888 618 964 renti
633 888 764 952 tandem
785 886 959 968 aliquando
978 884 1163 969 pulcritudo
1185 884 1329 968 suscepti.
1347 884 1452 968 operis
1475 885 1632 969 apparuit.

534 994 661 1058 scitote
680 1014 755 1078 ergo
776 1013 864 1054 nunc
884 1000 1009 1073 oportet
1030 990 1155 1054 nullam
1176 990 1280 1056 maius
1293 989 1490 1074 praedium,
1514 992 1636 1056 nullam

507 1173 511 1186 Ι
527 1079 807 1184 1’ρώόιιι·ειιί()ιιειιι,
823 1096 952 1161 nullum
967 1098 1122 1161 honorem
1136 1097 1265 1160 decerni
1279 1106 1420 1182 quantus
1436 1096 1492 1160 hic
1508 1098 1552 1162 sit
1566 1119 1634 1163 nos·

495 1275 499 1286 ¹
527 1187 601 1270 itrae
611 1191 831 1294 ¹professionis.
863 1225 979 1287 nempe
995 1202 1022 1266 si
1036 1201 1118 1266 mihi
1131 1202 1292 1292 maximus
1306 1202 1469 1287 inperator
1484 1203 1589 1268 uitem
1601 1204 1657 1288 idt

503 1385 507 1392 ⁸
534 1323 582 1377 est
597 1323 728 1398 centum
742 1307 888 1374 homines
900 1310 1055 1393 regendos
1068 1307 1269 1386 tradidisset„
1276 1330 1343 1398 non
1353 1310 1526 1374 mediocris
1536 1311 1635 1376 honor

486 1460 503 1502 3
531 1406 665 1494 ,habitus
680 1416 761 1482 mihi
776 1416 938 1480 uideretur
946 1438 956 1490 3
974 1416 1052 1478 cedo
1068 1413 1096 1478 si
1110 1416 1355 1499 praefecturam,
1372 1415 1400 1479 si
1415 1416 1633 1490 tribunatum:

534 1547 650 1610 nempe
665 1524 751 1589 idem
766 1522 887 1597 honos,
910 1520 974 1586 nisi
995 1522 1081 1604 quod
1102 1542 1222 1584 merces
1245 1519 1391 1605 amplior.
1432 1521 1462 1584 si
1483 1545 1561 1607 ergo
1574 1547 1637 1588 non

535 1633 665 1709 Caesar,
683 1631 739 1693 sed
753 1629 898 1692 Fortuna
911 1626 973 1690 hoc
994 1648 1097 1709 genus
1120 1626 1269 1691 stationis
1293 1627 1438 1710 iniunxit
1459 1628 1510 1692 uti
1531 1630 1636 1714 pueris

511 1713 684 1824 ¹:ingenuis
698 1743 794 1816 atque
810 1731 951 1796 honestis
966 1732 1198 1815 praesiderem,
1223 1755 1332 1798 nonne
1348 1733 1408 1797 tibi
1421 1735 1575 1816 pulcrum
1587 1736 1633 1800 ui·
1644 1753 1668 1802 to

532 1843 607 1906 deor
630 1850 733 1924 ¹atque
759 1837 968 1922 magnificum
994 1848 1183 1904 consecutus
1199 1838 1357 1904 officium?
1387 1862 1509 1924 quaeso
1535 1842 1633 1921 enim,

490 1934 663 2032 'dpropius
678 1930 823 2020 intuere,
846 1952 957 2008 utrum
976 1944 1169 2028 praeclarius
1187 1943 1234 2034 sit
1256 1945 1411 2027 sagulatis
1433 1969 1477 2010 an
1491 1960 1635 2030 praetex-

505 2031 509 2042 Ι
534 2053 610 2130 tatis
631 2050 797 2135 inperare?
818 2050 961 2114 barbaris
982 2050 1182 2131 efferatisque
1202 2050 1384 2133 pectoribus
1399 2074 1443 2116 an
1456 2054 1592 2118 mitibus
1606 2068 1636 2118 et

506 2143 510 2230 J
532 2145 693 2222 innoxiis?
722 2158 806 2220 bone
826 2156 968 2239 Iupiter,
1000 2178 1097 2239 quarn
1118 2155 1367 2246 inperatoriam,
1399 2181 1498 2241 quam
1512 2159 1636 2244 regium

532 2247 580 2350 est
594 2249 703 2336 sedere
718 2286 737 2327 a
752 2272 907 2345 suggestu
920 2261 1169 2344 praecipientem
1183 2262 1284 2348 bonos
1299 2283 1402 2326 mores
1418 2273 1451 2327 et
1473 2288 1635 2331 sacrarum
1644 2283 1668 2332 15

524 2357 857 2443 'studia·litterarum,
894 2366 961 2429 iam
993 2366 1135 2430 carmina
1165 2368 1405 2450 praelegentem
1433 2372 1554 2453 quihus
1583 2397 1636 2437 ora

506 2455 717 2560 ”mentesque
728 2475 924 2551 formantur,
939 2461 1004 2536 iam
1016 2471 1182 2535 sententiis
1194 2473 1293 2538 uariis
1305 2496 1417 2538 sensus
1426 2478 1634 2559 excitantem,

487 2568 490 2574 .
532 2583 598 2653 iam
613 2580 767 2665 exemplis
783 2603 868 2647 ross*

467 2796 556 2864 Quid
571 2798 610 2859 de
625 2794 686 2858 hoc
701 2794 880 2877 fragmento
895 2795 1105 2857 statuendum
1125 2794 1167 2858 sit
1188 2794 1277 2860 haud
1298 2794 1392 2864 facile
1412 2796 1514 2860 dicas.
1546 2820 1635 2882 prae·

466 2901 622 2968 sationem
650 2898 909 2963 declamatoriam
940 2909 1026 2962 recte
1057 2900 1227 2983 agnouisse
1258 2900 1388 2985 uidetur
1419 2902 1634 2985 Schopenius,

466 2985 563 3091 qiiam
583 2987 778 3072 camrinibus
801 3027 820 3067 a
842 3006 936 3069 Floro
958 3005 1166 3089 praemissam
1187 3016 1292 3090 putat.
1305 3009 1510 3091 ,quodcum
1531 3031 1589 3091 per
1603 3032 1635 3073 se

466 3122 646 3197 spectatum
662 3111 739 3175 satis
760 3112 902 3194 placeat,
927 3111 1035 3175 nescio
1057 3121 1167 3175 tamen
1187 3135 1239 3176 an·
1251 3112 1454 3198 tituliuerba
1477 3114 1635 3200 Vsipilius

465 3228 574 3284 orator
589 3241 632 3281 cn
646 3226 743 3301 poeto
765 3216 812 3280 ita
827 3228 1031 3281 contemnere
1046 3219 1217 3282 debeamus
1238 3228 1275 3282 ut
1293 3240 1322 3288 a,
1337 3219 1523 3303 ¹Schopenio
1538 3231 1634 3304 atque

464 3320 643 3398 Ritschelio
658 3322 779 3387 factum
795 3333 854 3387 est.
879 3323 914 3387 in
926 3333 1018 3387 tanto
1025 3324 1133 3389 studio
1148 3325 1234 3407 quod
1248 3346 1267 3386 a
1281 3324 1500 3408 grammaticis
1516 3337 1550 3389 et
1564 3327 1633 3392 rhe-

465 3426 586 3514 toribns
601 3426 635 3489 in
652 3428 796 3518 Vergilio
807 3430 986 3512 ponebatur
998 3429 1068 3494 fieri
1079 3429 1222 3514 potuisse
1234 3432 1327 3502 credo
1338 3441 1376 3510 ut
1390 3431 1508 3515 aliquis
1522 3456 1634 3517 quaes·¹

465 3533 589 3612 tionem¹
600 3532 796 3611 institueret,
814 3536 1093 3619 utrumVergilius
1109 3546 1214 3599 orator
1229 3542 1271 3603 an
1284 3547 1379 3621 poeta
1392 3538 1563 3605 habendus
1578 3540 1631 3617 sit,
1651 3585 1653 3589 -

463 3629 547 3717 sicut
562 3640 745 3724 quaesitum
765 3662 833 3705 esse
848 3641 967 3705 scimus
975 3690 985 3719 ,
1002 3644 1154 3705 Lucanus
1169 3637 1464 3721 utrumshistoricus
1480 3667 1524 3708 an
1539 3656 1633 3729 poeta

464 3746 516 3832 sit,
548 3733 680 3812 decebat
695 3758 805 3812 autem
828 3748 902 3812 talis
926 3748 1079 3833 quaestio⁴
1092 3748 1257 3813 hominem
1279 3748 1508 3826 scholasticum
1529 3752 1631 3835 qualis

462 3850 525 3912 fuit
536 3852 663 3928 Florus,
677 3866 709 3918 et
720 3854 827 3937 potuit
839 3878 916 3918 sane
928 3855 997 3917 eius
1012 3853 1100 3918 modi
1114 3857 1300 3938 paradoxon
1315 3854 1393 3922 satis
1405 3856 1631 3922 declamatorie

463 3956 641 4020 exornari..
660 3959 947 4024 declamationibus
970 3971 1080 4023 autem
1102 3960 1315 4044 praefationes
1330 3961 1537 4044 praemittere
1552 3964 1631 4026 sole·

461 4061 540 4124 bant
553 4062 713 4141 rhetores,
736 4064 772 4127 in
792 4066 909 4148 quibus
933 4068 972 4128 de
988 4088 1021 4128 se
1037 4065 1166 4148 suisque
1180 4067 1275 4129 rebus
1290 4079 1477 4145 narrarent,
1499 4079 1534 4132 et
1548 4070 1631 4132 hanc

461 4167 691 4250 praefationem
714 4193 733 4233 a
753 4170 848 4234 Floro
870 4174 1010 4235 Romam
1032 4174 1148 4235 reduce
1171 4194 1208 4236 co
1228 4171 1363 4237 consilio
1389 4173 1544 4258 scriptam
1564 4196 1630 4238 esse

462 4272 635 4340 uerisimile
651 4286 699 4339 est
714 4285 752 4339 ut
767 4298 801 4340 se
808 4277 965 4341 Romanis
980 4277 1015 4340 in
1022 4278 1209 4342 memoriam
1216 4290 1391 4344 reuocaret.
1409 4281 1467 4343 sed
1473 4278 1629 4364 quidquid

529 4533 545 4582 3
558 4529 645 4583 maius
660 4530 805 4584 Oeblem:
817 4530 903 4601 magis
924 4530 934 4601 Η
951 4534 968 4582 4
981 4531 1200 4601 procuracionem
1213 4532 1222 4602 l
1241 4532 1408 4603 tinpsrator
1420 4533 1506 4588 uitem
1517 4534 1627 4605 sompni:

528 4613 651 4683 inputem
663 4616 672 4686 ll
686 4620 703 4670 9
715 4614 846 4690 stacionis¹
856 4616 865 4687 l
880 4619 910 4669 10
923 4614 1019 4668 uidcor
1030 4616 1085 4670 odd
1098 4617 1261 4672 Bitschelius
1274 4618 1284 4689 [1
1304 4622 1335 4674 1⁵
1355 4617 1384 4672 in
1402 4628 1535 4691 suggestu
1549 4621 1626 4674 acta

524 4698 621 4766 penius
634 4700 642 4771 ll
658 4706 688 4755 17
701 4701 846 4756 sentenciis
859 4700 869 4773 l
882 4700 1044 4755 excitantem
1057 4701 1231 4756 Ritsclrelc'ue:
1249 4703 1404 4758 excitantur
1416 4704 1426 4773 ΙΙ
