3809 5534
442 584 546 641 XXVI
928 593 1124 639 tammo.

444 736 673 809 amamur.
712 742 769 806 sed
780 781 786 795 ·
797 763 871 805 cum
898 742 1084 806 traiectione
1103 743 1192 804 locus
1200 788 1212 817 ,
1242 751 1281 804 ut
1300 740 1462 818 uidimus,
1500 745 1606 807 sanan

443 870 510 911 uon
524 849 642 933 possit,
659 847 743 909 nihil
757 847 915 930 reliquum
931 859 997 923 est,
1021 858 1179 930 quantum
1193 846 1307 923 uideo,
1324 846 1389 910 nisi
1402 858 1441 910 ut
1453 859 1607 930 putemus

443 964 579 1035 utroque
593 954 664 1014 loco
680 954 836 1034 quaedam
852 952 1026 1028 excidisse,
1043 951 1100 1013 ubi
1113 950 1180 1013 iam
1192 951 1367 1033 inportuna
1380 951 1438 1014 illa
1451 952 1606 1038 interpre-

445 1066 589 1119 tamenta
602 1056 728 1119 intrusa
742 1066 829 1119 sunt.

529 1162 638 1236 Haec,
656 1163 766 1238 credo,
789 1163 830 1223 ad
844 1159 1001 1223 iudicium
1016 1161 1055 1222 de
1070 1159 1233 1222 codicibus
1248 1165 1314 1223 BN
1330 1181 1505 1242 eorumque
1520 1161 1607 1223 fonte

446 1264 523 1326 satis
545 1276 669 1329 certum
688 1266 855 1328 ferendum
877 1265 1055 1340 sufficient,
1086 1266 1173 1326 unde
1202 1274 1271 1326 tota
1295 1263 1423 1327 criticae
1449 1265 1487 1327 in
1513 1266 1607 1329 Floro

446 1372 641 1432 exercendae
666 1370 747 1432 ratio
776 1391 936 1453 suspensa
959 1380 1019 1432 cst.
1056 1379 1188 1451 apparet
1216 1368 1304 1430 enim
1322 1368 1359 1431 in
1378 1369 1487 1432 uerbis
1511 1371 1607 1453 scrip

447 1473 524 1536 toris
539 1474 771 1537 constituendis
787 1483 816 1536 B
839 1474 906 1556 (uel
919 1478 987 1554 BI)
1010 1473 1081 1536 eius
1101 1462 1169 1536 esse
1191 1472 1389 1536 auctoritatis
1410 1483 1449 1535 ut
1469 1474 1609 1557 relinqui

448 1599 513 1640 non
534 1580 653 1662 [debeat
667 1578 730 1640 nisi
746 1578 791 1640 eis
806 1578 896 1653 locis,
911 1577 1026 1660 quibus
1041 1577 1187 1659 quodibi
1207 1576 1361 1663 traditum
1376 1588 1445 1653 est,
1461 1577 1490 1641 si
1504 1600 1562 1661 per
1576 1601 1608 1641 se

447 1693 624 1764 spectetur,
642 1681 839 1762 corruptelae
855 1680 1070 1763 suspicionem
1084 1691 1204 1743 mouet.
1229 1692 1301 1744 tum
1314 1682 1445 1744 demum
1458 1688 1498 1745 N
1514 1683 1561 1746 ita
1574 1683 1609 1745 in

447 1786 607 1849 auxilium
621 1785 771 1848 adhibere
792 1785 868 1847 licet
895 1795 931 1847 ut
953 1796 1046 1847 caute
1067 1781 1316 1868 circumspicias,
1335 1797 1446 1849 utrum
1467 1809 1508 1849 ea
1529 1810 1609 1869 quae

334 1964 343 1978 ο
448 1889 581 1951 meliora
596 1891 718 1951 tradere
733 1889 862 1951 uidetur
876 1910 916 1950 ex
930 1889 1113 1973 incorrupto
1129 1889 1216 1952 fonte
1237 1891 1374 1952 deducta
1395 1890 1480 1966 sint,
1506 1913 1549 1953 an
1568 1892 1608 1953 ab

448 1993 673 2077 interpolatore
688 1994 829 2075 profecta
840 1993 908 2055 ueri
922 1993 1028 2076 specie
1042 1994 1167 2056 fallant.
1192 1994 1301 2057 uelsic
1310 1994 1516 2057 tamenhaud
1529 2017 1607 2077 pau-

449 2120 501 2160 cos
512 2098 597 2161 locos
613 2108 728 2161 restare
744 2098 778 2159 in
793 2108 927 2179 utroque
943 2097 1050 2160 codice
1063 2097 1160 2159 etiam
1172 2096 1218 2160 eis
1232 2097 1336 2173 uitiis,
1351 2119 1432 2179 quae
1449 2120 1489 2161 ex
1501 2099 1607 2181 negle-

448 2203 559 2287 gentia
572 2203 773 2266 librariorum
788 2201 954 2277 oriuntur,
972 2212 1136 2282 corruptos
1148 2211 1181 2263 et
1195 2200 1378 2264 coniectura
1393 2205 1609 2266 emendandos

449 2307 543 2369 facile
558 2309 665 2369 credet
679 2306 742 2369 nisi
757 2290 829 2388 quis
845 2306 963 2394 codicis
975 2304 1111 2368 alicuius
1123 2303 1236 2385 optimi
1257 2305 1396 2386 speciem
1417 2305 1480 2370 sibi
1500 2307 1607 2389 fingit,

449 2433 545 2492 quem
567 2432 586 2471 a
606 2411 694 2474 uitiis
717 2411 837 2473 scilicet
858 2410 1036 2472 immunem
1055 2409 1091 2471 in
1117 2408 1265 2472 omnibus
1291 2419 1360 2471 tuto
1386 2410 1478 2491 sequi
1502 2411 1610 2485 liceat,

450 2516 559 2597 quales
574 2518 719 2579 nondum
733 2514 849 2597 reperti
864 2513 1062 2595 suntt‘Flori
1077 2522 1162 2575 certe
1176 2511 1312 2587 codices,
1326 2522 1394 2576 tam
1407 2521 1437 2576 B
1451 2536 1550 2597 quam
1564 2520 1608 2589 N,

451 2620 544 2684 uitiis·
556 2620 710 2703 cuiusque
724 2620 849 2703 generis
863 2618 1010 2701 pluribus
1025 2617 1187 2699 inquinati
1198 2626 1291 2691 sunt,
1308 2638 1405 2698 quam
1419 2640 1503 2699 quae
1518 2618 1610 2682 indu·

449 2727 527 2789 stria
542 2727 701 2789 editorum
716 2724 787 2788 tolli
800 2723 974 2806 potuerint.
992 2723 1072 2787 haec
1080 2744 1136 2804 per
1150 2743 1208 2784 sua
1222 2742 1341 2803 genera
1354 2721 1492 2785 discreta
1505 2744 1610 2785 recen-

449 2852 528 2904 sere,
544 2841 582 2891 ut
593 2830 669 2891 inde
676 2827 868 2890 emendandi
875 2827 968 2908 quasi
978 2828 1134 2908 quaedam
1145 2827 1198 2888 lex
1209 2836 1305 2908 atque
1319 2847 1431 2893 norma
1441 2825 1611 2908 perspicia·

451 2944 520 3008 tur,
542 2934 678 3015 longum
699 2942 748 2994 est
768 2953 872 3013 neque
888 2952 964 2996 uero
985 2930 1209 2994 necessarium.
1251 2931 1402 3011 pleraque
1425 2929 1515 2996 enim
1537 2929 1613 2993 talia

451 3048 538 3113 sunt,
555 3037 663 3120 qualia
677 3035 713 3098 in
728 3035 875 3099 omnibus
891 3035 1097 3117 scriptoribus
1113 3037 1280 3098 obseruare
1294 3034 1381 3097 licet.
1418 3056 1613 3117 quamquam

449 3165 535 3206 unus
550 3143 684 3225 quisque
698 3140 762 3203 fere
778 3140 876 3203 etiam
895 3140 931 3204 in
946 3139 1037 3203 uitiis
1057 3140 1210 3222 quiddam
1229 3138 1291 3201 sibi
1312 3138 1479 3220 proprium
1502 3139 1610 3201 habet.

450 3247 508 3321 ita,
524 3256 562 3308 ut
576 3247 637 3309 hoc
651 3256 735 3321 utar,
758 3245 846 3310 Flori
861 3246 985 3309 codices
1000 3244 1187 3327 conpendiis
1195 3243 1371 3325 scripturae
1378 3243 1464 3309 male
1471 3243 1613 3311 intellec

453 3352 493 3415 tis
507 3373 574 3413 non
588 3351 652 3415 nisi
667 3373 737 3414 raro
753 3361 786 3414 et
807 3350 900 3414 certis
922 3350 991 3412 fere
1010 3348 1164 3430 exemplis
1186 3347 1327 3429 corrupti
1342 3357 1429 3411 sunt.
1470 3347 1615 3409 omnium

449 3454 817 3538 frequentissimelittera
832 3463 977 3535 quaeest
993 3474 1036 3528 m,
1055 3475 1130 3520 cum
1144 3452 1263 3515 lineola
1278 3450 1481 3534 superposita
1494 3451 1612 3513 indica-

450 3572 551 3636 retur,
567 3560 622 3623 uel
637 3560 754 3626 omissa
768 3559 823 3623 uel
837 3557 941 3639 posita
956 3579 1056 3641 praue
1072 3568 1130 3619 est.
1148 3556 1257 3637 itaque
1271 3554 1415 3637 paenitet
1430 3557 1517 3635 quod
1531 3562 1614 3638 p87,

452 3675 468 3729 5
485 3665 600 3746 reliqui
615 3664 649 3729 in
663 3664 797 3739 tonora,
826 3683 902 3727 cum
923 3661 1037 3723 ceteris
1058 3661 1140 3724 locis>
1151 3662 1264 3724 Florus
1287 3670 1324 3721 ut
1344 3658 1489 3741 plerique
1505 3680 1613 3721 omnes

450 3770 485 3831 in
499 3770 646 3832 bonorem
662 3768 823 3850 scripserit
838 3766 905 3847 cfp
922 3772 955 3841 8,
975 3773 1023 3834 15.
1044 3770 1097 3840 64,
1115 3771 1169 3829 26.
1197 3773 1361 3846 praeterea
1376 3785 1502 3845 semper
1517 3762 1612 3843 scrip·

452 3882 523 3934 tum
536 3871 635 3935 fuisse
649 3872 778 3936 uidetur
793 3893 842 3933 cos
852 3919 865 3946 ,
879 3872 965 3934 unde
981 3891 1055 3931 cum
1069 3869 1122 3931 hic
1136 3868 1205 3931 illic
1225 3868 1336 3931 consul
1355 3867 1512 3949 scripturn
1533 3876 1614 3930 esset

450 3997 508 4058 pro
523 3975 664 4049 consule,
694 3984 751 4041 aut
773 3975 897 4040 emole
909 3996 976 4056 ,pro
998 3973 1109 4036 consul
1112 4021 1123 4048 ,
1158 3972 1256 4035 etiam
1276 3971 1409 4034 nomina
1429 3970 1513 4033 falso
1538 3991 1613 4033 casu

450 4079 556 4164 posita
576 4088 663 4144 sunt.
702 4089 773 4141 tum
794 4078 984 4160 compendio
1005 4079 1051 4139 R·
1069 4087 1137 4139 tam
1156 4078 1295 4140 Romam
1315 4097 1412 4158 quam
1431 4076 1614 4142 Romnum

451 4194 600 4249 notatum
620 4182 719 4248 fuisse
742 4184 834 4244 docet
854 4204 876 4264 p
893 4188 925 4256 9,
943 4187 975 4257 9,
999 4181 1057 4243 ubi
1078 4203 1154 4243 cum
1173 4190 1203 4242 B
1227 4182 1343 4243 habeat
1363 4182 1408 4244 12-
1433 4179 1470 4250 in
1491 4184 1515 4241 I
1531 4188 1614 4240 recte

451 4290 669 4371 scriptumest
689 4307 831 4361 romam*
851 4286 887 4347 in
900 4292 938 4349 N
948 4307 1048 4367 praue
1062 4307 1241 4349 romonum.
1280 4284 1427 4348 similiter
1443 4305 1466 4365 p
1485 4289 1560 4356 102,
1576 4286 1612 4341 30

449 4400 486 4459 N
497 4402 582 4457 reete
597 4391 695 4454 habet
705 4400 912 4465 romonoc,.B
924 4400 1072 4471 corrupte
1083 4410 1202 4464 romae,
1220 4401 1367 4471 contrap
1387 4395 1458 4462 107,
1477 4394 1613 4452 aorecte

449 4496 485 4559 in
498 4504 536 4563 N
547 4517 656 4564 romae,
667 4494 796 4577 legitur,
814 4504 847 4564 at
862 4494 897 4564 in
913 4503 942 4563 B
956 4515 1102 4562 romano.
1127 4515 1224 4574 quare
1238 4515 1305 4564 non
1320 4490 1469 4559 dubitaui
1483 4513 1506 4573 p
1525 4495 1575 4564 19,
1593 4491 1615 4547 6,

449 4600 586 4666 Romam
600 4601 709 4672 urbem
723 4608 788 4681 etp
805 4605 858 4676 87,
879 4604 915 4668 12
932 4599 1010 4667 urbe
1023 4599 1132 4669 Rana
1146 4619 1297 4680 reponere
1304 4644 1317 4674 ,
1332 4618 1406 4660 cum
1421 4594 1546 4662 codices
1561 4590 1611 4655 hic
