3809 5534
369 584 445 644 VIII
651 659 654 664 ,
850 593 1048 638 1111111111

369 749 470 814 ratius
486 746 646 832 inquirere
660 745 759 821 uelit,
777 743 861 808 nihil
875 766 917 808 ex
930 750 955 807 I
965 742 1111 807 adnotari
1133 744 1219 827 quod
1240 763 1307 805 non
1322 741 1358 804 in
1373 741 1538 807 codicibus

369 856 415 919 ita
440 855 595 938 scriptum
620 853 756 935 legatur.
795 874 870 915 cum
894 851 941 915 ita
967 852 1007 913 de
1029 871 1108 912 uera
1128 848 1275 913 Iordanis
1295 848 1434 912 lectione
1456 849 1538 913 mihi

368 970 546 1037 constaret,
574 958 723 1042 apparuit
745 980 843 1041 quarn
869 968 936 1020 arte
962 979 1037 1019 eum
1051 953 1282 1038 Bambergensi
1304 954 1386 1018 libro
1412 954 1538 1039 conspi-

286 1059 289 1064 ’
368 1078 436 1143 111,
464 1066 555 1129 cuius
575 1064 727 1128 lectiones
750 1063 869 1147 ubique
890 1063 955 1125 fere
976 1064 1163 1137 confirmat,
1180 1060 1228 1123 ita
1256 1071 1366 1123 tamen
1388 1071 1426 1123 ut
1449 1060 1538 1125 hisce

368 1174 446 1239 loeis
461 1173 559 1238 etiam
573 1171 656 1235 uitia
670 1172 828 1253 quaedam
842 1168 940 1231 huius
956 1167 1074 1231 codicis
1089 1166 1227 1250 corrigat

452 1345 457 1354 ,
517 1301 539 1364 p
564 1286 594 1355 7,
634 1280 774 1339 trexI:
796 1280 928 1337 resBN

563 1391 595 1462 9,
633 1389 650 1445 9
668 1404 792 1446 romam
806 1386 844 1444 J.-
868 1402 891 1444 n
905 1389 946 1458 Β,
970 1403 1138 1445 romanum
1153 1387 1190 1444 N

560 1497 592 1567 9,
610 1496 650 1553 23
667 1487 777 1573 augeri
791 1491 829 1551 J.-
854 1509 975 1569 augure
990 1495 1031 1563 Β,
1054 1486 1179 1570 sugerit
1193 1492 1230 1549 N

542 1604 592 1673 12,
613 1604 648 1659 11
667 1615 813 1656 annuum
828 1597 869 1655 I:
893 1614 1015 1654 annum
1030 1599 1096 1656 ΒΝ

542 1707 593 1777 12,
616 1706 652 1763 16
668 1700 746 1762 urbe
761 1703 800 1761 J.-
822 1699 936 1760 urbem
950 1704 1017 1761 ΒΝ

542 1814 593 1883 15,
632 1813 650 1867 1
667 1804 793 1867 menius
808 1808 840 1867 I:
863 1804 1032 1867 menenius
1047 1812 1087 1880 B,
1111 1804 1280 1867 moenibus
1295 1810 1333 1867 N

542 1918 593 1987 38,
614 1916 651 1973 12
667 1909 808 1994 perpulit
822 1909 858 1972 in
873 1910 1075 1992 campaniam
1091 1932 1183 1973 suam
1198 1917 1235 1974 I.-
1251 1910 1393 1996 perpulit
1404 1910 1440 1973 in
1452 1932 1539 1973 cam·

666 2017 764 2100 panio
778 2039 837 2080 sua
851 2024 892 2092 B,
908 2016 1035 2099 pepulit
1051 2016 1086 2078 in
1102 2015 1271 2100 campania
1286 2039 1345 2080 sua
1360 2023 1398 2079 N

369 2147 449 2209 quae
465 2123 574 2187 omnia
588 2146 665 2188 sane
685 2146 752 2186 non
774 2122 885 2205 magni
905 2122 1063 2185 momenti
1086 2135 1163 2186 sunt
1183 2136 1215 2186 ct
1237 2123 1330 2186 facile
1353 2122 1539 2185 coniectura

368 2230 532 2294 emendari
546 2241 733 2313 potuerunt,
751 2229 834 2293 sicut
850 2230 931 2292 illud
947 2230 1033 2311 quod
1048 2228 1206 2292 Heinsius
1228 2229 1412 2291 coniectura
1426 2251 1538 2312 reppe-

368 2337 410 2400 rit
425 2360 446 2419 p
464 2344 516 2411 20,
535 2342 570 2398 21
591 2344 755 2411 ornatam,
775 2335 832 2398 ubi
846 2341 913 2397 ΒΝ
924 2334 1046 2396 habent
1061 2343 1240 2411 orinatum,
1263 2335 1299 2397 in
1322 2334 1470 2398 Iordanis
1485 2357 1537 2397 οο-

368 2442 437 2505 dice
467 2441 697 2525 Bambergensi
725 2440 772 2503 ita
802 2440 866 2523 legi
896 2463 965 2504 sero
992 2440 1175 2503 admonitus
1201 2442 1241 2503 ab
1262 2440 1397 2503 Halmio
1424 2440 1535 2502 didici.

368 2558 488 2632 quauta
503 2558 612 2612 autern
628 2546 774 2612 Iordanis
790 2545 825 2609 11
840 2546 945 2609 uerbis
962 2546 1049 2609 Flori
1064 2559 1150 2610 recte
1170 2546 1404 2610 constituendis
1426 2558 1537 2609 aucto-

366 2656 443 2719 ritas
459 2654 500 2718 sit
519 2676 607 2717 nunc
628 2656 759 2717 demum
777 2665 862 2716 recte
885 2652 1054 2716 diiudicari
1075 2664 1202 2736 potest,
1233 2662 1405 2735 postquam
1435 2655 1538 2716 codex

366 2759 613 2842 Bambergensis
635 2758 789 2822 innotuit.
822 2769 918 2821 antea
939 2758 1027 2822 enim
1050 2759 1226 2822 Salmasius
1250 2759 1408 2822 Gruterus
1432 2758 1538 2842 etqui

367 2876 493 2949 praeter
514 2886 566 2927 eos
595 2865 768 2926 Iordanem
797 2864 1015 2927 adhibuerunt
1038 2866 1181 2948 egregias
1204 2865 1273 2928 eius
1294 2864 1448 2928 lectiones
1469 2887 1536 2928 non

367 2980 542 3055 potuerunt
557 2968 687 3054 quidem
702 2969 781 3053 quin
797 2992 890 3053 saepe
906 2985 1135 3053 agnoscerent,
1161 2984 1194 3033 at
1211 2983 1318 3034 tamen
1333 2993 1409 3033 cum
1424 2994 1535 3035 omnes

368 3076 455 3142 Flori
470 3076 593 3140 codices
609 3086 720 3139 contra
741 3086 880 3152 starent,
905 3077 1040 3140 dubium
1061 3101 1127 3141 non
1148 3099 1276 3160 prorsus
1300 3100 1464 3140 remouere
1480 3100 1535 3162 po·

367 3193 501 3247 tuerunt
511 3204 592 3244 num
603 3182 680 3265 quid
693 3184 732 3244 de
744 3204 802 3244 suo
813 3182 945 3245 fortasse
958 3183 1145 3246 correxisset
1157 3184 1322 3258 IordaneS,
1340 3206 1536 3266 quamquam

367 3288 401 3351 id
415 3288 451 3350 in
465 3288 526 3350 hoc
542 3288 693 3370 scriptore
710 3309 913 3371 nequaquam
933 3289 1108 3352 uerisimile
1123 3288 1196 3351 fuit.
1229 3289 1294 3351 iam
1315 3312 1391 3352 uero
1406 3291 1536 3352 nullum

366 3396 427 3458 hac
448 3394 484 3457 in
505 3416 539 3457 re
561 3392 696 3456 dubium
717 3414 880 3456 remanere
902 3404 1008 3477 potest
1027 3405 1060 3457 11
1087 3394 1154 3477 ipse
1177 3395 1232 3457 ille
1254 3395 1338 3457 inter
1363 3396 1534 3458 Iordanem

367 3509 463 3582 atque
479 3497 621 3562 codicem
636 3500 906 3582 Bambergensem
920 3522 1095 3564 consensus
1116 3502 1204 3563 haud
1219 3522 1333 3583 parurn
1348 3504 1388 3564 ad
1404 3504 1534 3564 firman·

367 3607 441 3669 dam
455 3604 623 3689 utriusque
639 3605 863 3669 auctoritatem
879 3606 1012 3669 confert.

450 3714 502 3775 Ex
516 3713 579 3775 alio
595 3723 627 3776 et
642 3712 737 3795 longe
751 3711 858 3795 peiore
874 3714 963 3776 fonte
979 3712 1058 3795 quin
1072 3712 1186 3796 reliqui
1209 3736 1318 3777 onmes
1340 3715 1427 3778 Flori
1450 3714 1533 3777 codi-
1551 3794 1554 3799 Ι

366 3838 438 3892 111,
462 3817 518 3899 qui
540 3817 670 3899 quidem
692 3818 924 3895 innotuerunt,
948 3819 1078 3882 deducti
1100 3818 1184 3895 sint,
1215 3820 1351 3883 dubium
1379 3843 1533 3906 essenon

364 3931 480 4004 potest.
509 3945 619 3985 eorum
634 3923 875 4006 antiquissimus
892 3935 988 4008 atque
1010 3937 1047 3988 ut
1067 3925 1152 3988 inter
1171 3925 1379 4008 interpolatos
1395 3926 1533 4009 integer·

364 4026 465 4091 rimus
481 4038 529 4090 est
544 4028 829 4111 Heidelbergensis
846 4033 952 4112 (894),
970 4030 1006 4092 in
1020 4031 1216 4093 membranis
1225 4032 1344 4094 formae
1360 4034 1533 4114 quadratae

365 4134 492 4197 saeculo
506 4154 593 4195 nono
608 4133 755 4216 scriptus.
781 4136 816 4197 in
831 4136 896 4198 imo
911 4136 988 4198 folio
1002 4135 1106 4225 primo
1121 4159 1212 4200 uerso
1228 4137 1346 4220 legitur
1358 4132 1440 4201 ‘Iste
1456 4139 1534 4202 liber

365 4249 413 4304 est
426 4241 507 4304 eccle
522 4238 607 4301 beati
620 4241 751 4303 nazarii
772 4242 805 4304 111
826 4234 994 4317 laart'sso',
1013 4243 1099 4304 unde
1115 4242 1310 4318 Salmasius,
1339 4244 1396 4326 qui
1410 4245 1533 4327 primus

365 4368 439 4408 eum
455 4343 604 4410 adhibuit
619 4355 650 4407 et
664 4367 740 4427 prae
755 4347 867 4410 ceteris
883 4346 1046 4410 codicibus
1062 4347 1131 4410 iure
1152 4348 1286 4411 maximi
1309 4349 1405 4425 fecit,
1429 4351 1533 4413 Naza-

246 4500 249 4506 .
365 4450 491 4514 rianum
520 4451 660 4516 uocauit.
702 4453 879 4529 Gruterus,
912 4453 967 4536 qui
995 4464 1069 4536 post
1091 4454 1287 4517 Salmasium
1309 4478 1346 4517 eo
1371 4477 1448 4518 usus
1471 4465 1531 4532 cst,

364 4554 467 4641 primo
488 4557 564 4621 folio
580 4557 744 4641 inscripsit
763 4554 951 4622 ‘Palatinas
960 4559 1101 4640 primus.
1134 4559 1181 4622 ito
1197 4560 1293 4623 istam
1309 4584 1384 4624 uoco
1401 4560 1435 4623 in
1450 4560 1533 4625 notis

364 4660 440 4727 mer'a
456 4671 514 4726 out
527 4665 605 4727 adeo
619 4657 869 4729 Nazariooum’.
884 4666 1023 4727 Romam
1038 4688 1112 4728 cum
1127 4666 1258 4750 reliquis
1272 4667 1431 4731 Palatinis
1446 4667 1531 4731 codi-
