3809 5534
369 516 407 579 58
846 529 917 575 rvar
933 529 1031 575 sacar

366 685 488 768 potitus
509 680 709 765 Hiempsalis
732 678 837 762 capite
858 702 933 743 cum
954 702 987 743 se
1009 679 1042 743 in
1072 680 1289 743 Adherbalem
1310 679 1527 745 conuertisset

366 791 457 873 isque
472 791 611 852 Romam
629 785 841 870 profugisset,
873 786 973 849 missa
991 807 1048 869 per
1068 787 1192 870 legatos
1213 786 1351 869 pecunia
1375 787 1478 849 traxit
1491 787 1525 849 in

367 895 561 959 sententiam
576 914 668 956 suam
684 901 843 955 senatum.
869 902 901 954 et
915 892 996 954 haec
1010 892 1079 956 eius
1094 893 1157 956 fuit
1172 893 1212 955 da
1226 892 1321 955 nobis
1335 891 1444 975 prima
1458 892 1523 955 uic·

366 1001 458 1064 toria.
489 1000 604 1063 missos
626 998 760 1072 deinde,
784 997 840 1080 qui
861 1019 998 1080 regnum
1020 997 1106 1060 inter
1126 997 1220 1061 illum
1240 998 1523 1081 Adherbalemque

367 1105 567 1180 diuiderent,
596 1103 743 1168 similiter
766 1105 952 1185 adgressus,
976 1123 1051 1165 cum
1070 1104 1106 1166 in
1128 1104 1249 1167 Scauro
1270 1104 1359 1187 ipsos
1381 1104 1551 1168 Romanis

366 1210 493 1293 imperii
513 1231 616 1273 mores
637 1218 873 1292 expugnasset,
897 1208 1086 1272 inchoatum
1105 1210 1196 1273 nefas
1216 1209 1351 1292 perfecit
1374 1211 1519 1275 audacia.

367 1318 511 1379 sednon
532 1316 589 1378 diu
614 1316 718 1379 latent
744 1315 872 1378 scelera.
908 1325 1076 1396 corruptae
1096 1315 1186 1378 nefas
1208 1316 1382 1399 legationis
1405 1317 1526 1399 erupit,

366 1422 551 1504 placuitque
565 1420 713 1504 persequi
726 1420 812 1483 bello
827 1420 1029 1501 parricidam.
1054 1420 1177 1502 primus
1193 1422 1228 1483 in
1243 1420 1439 1485 Numidiam
1452 1423 1530 1486 Cal-

366 1527 502 1610 purnius
517 1526 628 1590 Bestia
642 1526 756 1589 consul
771 1525 965 1601 inmittitur3
995 1529 1050 1590 sed
1071 1547 1127 1588 rex
1136 1573 1146 1602 ,
1164 1538 1314 1609 expertus
1338 1528 1456 1591 fortius
1472 1530 1543 1591 ad-

367 1656 479 1697 uersus
495 1635 659 1696 Romanos
675 1653 790 1693 aurum
804 1650 872 1693 esse
894 1654 992 1713 quam
1014 1631 1153 1708 ferrum,
1175 1654 1288 1715 pacem
1309 1634 1401 1696 emit.
1432 1633 1551 1697 cuius

366 1739 483 1822 flagitii
498 1759 571 1801 reus
586 1758 661 1799 cum
671 1737 908 1800 interueniente
919 1737 1050 1820 publica
1060 1739 1125 1801 fide
1136 1760 1156 1801 a
1167 1748 1283 1801 senatu
1297 1750 1548 1815 accenseretur,

366 1843 436 1927 pari
452 1842 586 1906 audacia
600 1853 632 1905 et
647 1842 739 1905 uenit
753 1853 786 1905 et
807 1842 1038 1927 conpetitorem
1057 1842 1185 1926 imperii
1206 1843 1417 1908 Massinissae
1438 1847 1558 1908 Mas*

368 1949 472 2014 siuarh
497 1948 630 2012 inmisso
656 1969 840 2031 percussore
866 1947 1015 2012 confecit.
1046 1939 1126 2010 haec
1152 1949 1252 2011 altera
1277 1958 1392 2013 contra
1417 1969 1560 2033 regen

367 2077 464 2119 causa
477 2055 556 2118 belli
570 2055 644 2117 fuit.
661 2053 761 2137 igitur
777 2077 913 2138 sequens
928 2054 1012 2116 ultio
1027 2056 1200 2116 mandatur
1214 2053 1346 2117 Albino.
1362 2066 1412 2118 set
1425 2056 1549 2119 huius

368 2183 494 2245 quoque
518 2182 630 2243 ——pro
646 2161 782 2223 dedecus
801 2197 839 2206 -—
856 2160 954 2223 frater
968 2160 1015 2222 ita
1030 2160 1171 2243 corrupit
1193 2160 1372 2223 exercitum
1380 2209 1390 2238 ,
1414 2171 1454 2223 ut
1468 2184 1542 2225 uo-

367 2266 509 2330 luntaria
523 2276 705 2329 nostrorum
720 2266 798 2349 fuga
818 2266 963 2329 uinceret
985 2266 1130 2330 Numida
1149 2266 1324 2349 castrisque
1345 2276 1530 2349 poteretur,

368 2372 476 2435 addito
492 2372 590 2435 ctiam
605 2371 693 2454 turpi
707 2372 833 2435 foedere
847 2372 883 2433 in
897 2372 1038 2453 pretium
1062 2371 1194 2447 salutis,
1219 2393 1282 2454 quo
1309 2393 1390 2454 quos
1406 2382 1539 2437 emerat:

367 2477 490 2541 dimisit
506 2476 675 2540 exercitus
703 2480 833 2540 tandem
854 2477 889 2540 in
905 2478 1064 2540 ultionem
1078 2500 1144 2540 non
1160 2488 1227 2540 tam
1241 2478 1369 2560 imperii
1384 2477 1532 2542 Romani

366 2606 464 2667 quam
477 2583 609 2666 pudoris
624 2584 777 2647 Metellus
793 2583 957 2666 adsurgit,
981 2583 1037 2667 qui
1060 2582 1265 2646 callidissime
1287 2584 1417 2646 hostem
1437 2606 1530 2647 nunc

366 2690 514 2772 precibus
536 2711 623 2751 nuno
645 2689 761 2765 minis,
789 2689 855 2752 iam
877 2689 1030 2754 simulata
1051 2689 1116 2753 iam
1139 2711 1217 2752 uera
1237 2688 1315 2772 fuga
1338 2689 1526 2753 eludentem
1559 2693 1567 2742 ἕ

367 2794 488 2857 artibus
504 2794 571 2856 suis
587 2796 755 2877 adgressus
771 2804 830 2857 est.
856 2816 1005 2877 agrorum
1028 2804 1124 2877 atque
1146 2793 1293 2858 uicorum
1314 2796 1528 2878 populatione

366 2921 426 2962 nec
441 2908 611 2963 contentus
627 2899 662 2961 in
677 2898 747 2981 ipsa
758 2899 933 2962 Numidiae
945 2899 1051 2982 capita
1062 2899 1220 2983 impetum
1231 2900 1308 2963 fecit
1316 2926 1326 2976 3
1345 2912 1379 2964 et
1390 2903 1525 2965 Zamam

367 3005 498 3089 quidem
511 3006 630 3068 frustra
645 3005 759 3082 adiuit,
777 3015 919 3069 ceterum
935 3005 1092 3082 Thalam,
1108 3028 1242 3088 grauem
1257 3008 1354 3070 armis
1372 3008 1522 3071 thensau·

366 3111 474 3194 risque
489 3111 585 3194 regis,
603 3111 747 3193 diripuit.
774 3121 852 3173 tunc
868 3111 1002 3174 urbibus
1019 3123 1154 3174 exutum
1166 3134 1274 3195 regem
1287 3124 1320 3176 et
1331 3113 1399 3176 iam
1409 3114 1524 3177 finium

367 3239 499 3281 suorum
513 3216 667 3300 regnique
688 3216 864 3299 fugitiuum
878 3239 935 3300 per
950 3218 1082 3281 Mauros
1099 3221 1202 3301 adque
1213 3219 1403 3282 Gaetuliam
1414 3242 1521 3303 seque·
1548 3220 1566 3271 2

349 3323 471 3385 hatur.
494 3332 656 3406 postremo
671 3322 795 3386 Marius
811 3322 912 3385 auctis
929 3324 1103 3385 admodum
1117 3323 1230 3407 copiis,
1248 3346 1398 3408 cumpro
1413 3328 1522 3389 obscu-

364 3426 459 3491 ritate
474 3428 599 3511 generis
616 3428 667 3492 sui
682 3426 785 3512 capite
801 3451 911 3492 censos
928 3440 1128 3492 sacramento
1144 3429 1317 3512 adegisset,
1335 3430 1403 3493 iam
1417 3432 1523 3494 fusum

365 3544 398 3596 et
420 3535 566 3598 saucium
588 3556 696 3618 regem
715 3535 867 3611 adortus,
894 3557 961 3597 non
983 3533 1110 3598 facilius
1138 3546 1247 3599 tamen
1273 3535 1355 3599 uicit
1378 3536 1522 3620 quamsi

365 3639 527 3723 integrum
542 3663 578 3705 ac
592 3653 764 3705 recentem.
788 3637 843 3704 hio
865 3652 897 3705 et
919 3642 1032 3704 urbem
1046 3642 1087 3704 ab
1102 3642 1246 3706 Hercule
1261 3642 1428 3714 conditam
1443 3646 1522 3727 Cap

368 3999 379 4048 1
394 3995 539 4066 potiusque
551 3993 687 4047 hiemsalis
699 4006 724 4047 N
734 3995 743 4067 11
757 4000 771 4049 2
784 3996 880 4067 hisque
893 4009 912 4050 Β
925 3997 933 4066 11
948 4001 963 4049 3
982 3998 1048 4050 haec
1060 3998 1114 4051 fuit
1125 3999 1159 4050 de
1171 3997 1250 4050 nobis
1268 3998 1328 4051 eius
1349 4010 1374 4051 N
1387 3998 1396 4069 11
1409 4002 1425 4051 4
1438 3999 1523 4052 ather·

365 4080 507 4152 balemque
519 4093 545 4135 N
555 4081 563 4152 11
577 4080 593 4133 6
606 4078 734 4131 audacius
746 4092 772 4132 Ν
782 4079 791 4151 11
805 4084 819 4132 7
833 4080 881 4133 diu
894 4097 949 4133 nou
961 4094 987 4133 N
997 4083 1006 4152 11
1020 4086 1035 4134 8
1055 4082 1128 4135 bello
1147 4081 1274 4153 persequi
1291 4093 1318 4135 N
1329 4083 1338 4153 11
1352 4087 1368 4136 9
1381 4081 1519 4152 uestiatl

366 4173 493 4237 expertus
515 4163 613 4234 11111111
617 4185 626 4215 .·
654 4165 757 4233 peritus
780 4177 825 4218 ΒΝ
847 4166 855 4236 11
884 4169 912 4217 11
933 4174 1114 4220 accesseretur
1136 4179 1162 4221 N
1179 4166 1188 4237 11
1211 4168 1241 4219 12
1266 4165 1374 4237 imperii
1394 4167 1521 4221 asinissae

366 4252 496 4304 masiuam
507 4263 533 4303 N
544 4249 553 4321 11
571 4247 729 4302 masinissae
753 4267 795 4302 om
814 4263 834 4303 Β
855 4251 864 4320 11
885 4254 916 4304 13
934 4268 1027 4321 regem
1038 4251 1092 4304 fuit
1104 4269 1184 4305 causa
1195 4249 1316 4305 bellandi
1326 4264 1353 4306 N
1368 4252 1378 4323 11
1398 4257 1430 4306 15
1442 4254 1521 4306 frater

367 4353 408 4389 om
419 4333 443 4389 N
455 4337 463 4407 11
479 4341 510 4390 16
523 4342 662 4407 poteretur
675 4334 707 4386 b:
726 4334 859 4403 potiretur
875 4347 919 4389 ΒΝ
930 4338 938 4407 11
955 4341 985 4389 17
999 4354 1053 4407 quo
1066 4337 1177 4406 scripsi:
1202 4337 1277 4407 quod
1288 4350 1317 4402 Β,
1333 4336 1409 4408 quod
1421 4339 1521 4409 primus

367 4432 391 4470 Ν
402 4420 410 4489 11
426 4425 456 4474 18
469 4422 618 4475 exercitum
631 4421 726 4474 eodem
738 4426 858 4489 tempore
870 4420 900 4481 in,
910 4432 933 4473 N
946 4422 955 4492 11
971 4426 1001 4475 19
1013 4422 1129 4475 matellis
1140 4433 1160 4475 Β
1173 4422 1182 4492 1
1196 4427 1229 4475 20
1241 4422 1295 4475 iam
1307 4424 1387 4493 quasi
1399 4441 1465 4477 uera
1475 4421 1518 4492 Ν1

368 4506 399 4554 22
412 4521 461 4558 neo
474 4505 581 4558 addidi:
595 4517 689 4558 omBN
700 4505 708 4575 11
723 4512 893 4576 contemptus
904 4520 948 4561 ΒΝ
959 4509 968 4578 11
982 4511 1014 4559 23
1022 4507 1110 4561 adiuit
1120 4506 1217 4577 scrapsi
1221 4528 1230 4558 .·
1244 4507 1397 4573 diuoluits,
1412 4508 1460 4562 diu
1467 4508 1522 4562 uol-

368 4587 439 4640 uitN
450 4590 458 4658 11
472 4591 685 4660 thensaurosque
697 4603 722 4642 N
733 4591 742 4661 11
756 4595 787 4644 24
801 4592 937 4662 disrupuit
948 4606 973 4646 N
983 4594 992 4664 11
1006 4596 1038 4645 29
1051 4593 1102 4645 hac
1113 4605 1140 4657 Β,
1155 4600 1184 4646 et
1193 4604 1219 4645 N
1229 4592 1238 4661 11
1251 4592 1347 4645 urbem
1358 4585 1464 4647 herculi
1474 4605 1499 4647 N
1509 4593 1517 4662 11
