3809 5534
610 608 759 652 nrmorm
776 608 800 663 1,
818 599 928 650 31-31
946 587 1014 672 1111,
1032 589 1134 674 3-11.
1417 594 1457 655 63

327 766 448 820 contorta
462 757 497 820 in
507 757 594 840 ipses
610 781 709 841 aquas
726 759 791 822 tela
805 757 974 822 miserunt.
1000 757 1084 822 nihil
1099 758 1228 822 interim
1242 780 1298 841 per
1312 759 1347 823 id
1362 782 1456 825 omne

327 872 428 944 tempus
442 862 607 928 residuum
622 864 822 928 crudelitatis
832 864 895 928 fuit
906 862 942 926 in
953 863 1098 946 captiuos
1110 863 1344 929 saeuientibus:
1363 866 1456 930 litare

327 964 364 1030 dis
376 968 523 1054 sanguine
538 969 700 1046 humano,
717 970 824 1035 bibere
840 969 875 1032 in
889 969 1014 1034 ossibus
1029 969 1190 1052 capitum,
1213 970 1456 1054 cuiusquemodi

327 1070 447 1139 ludibriis
462 1074 588 1139 foedare
607 1087 744 1140 mortem
766 1087 833 1140 tam
854 1074 923 1158 igni
945 1096 1042 1158 quam
1064 1076 1173 1151 fumo,
1198 1087 1308 1158 partus
1330 1098 1456 1160 quoque

297 1179 507 1257 bgrauidarum
521 1180 694 1245 mulierum
709 1193 896 1265 extorquere
912 1179 1091 1244 tormentis.
1116 1179 1296 1245 saeuissimi
1312 1182 1456 1246 omnium

326 1280 463 1350 Threcum
478 1285 638 1351 Scordisci
652 1286 759 1362 fuere,
784 1288 841 1352 sed
855 1284 1015 1351 calliditas
1032 1307 1157 1368 quoque
1172 1288 1213 1349 ad
1233 1288 1330 1351 robur
1351 1310 1455 1352 acces·

324 1400 401 1454 ruat:
434 1391 591 1456 siluarum
617 1402 649 1454 et
670 1392 831 1456 montium
845 1392 926 1457 situs
950 1412 1024 1454 cum
1045 1390 1175 1473 ingenio
1195 1393 1451 1457 consentiebant,

248 1525 252 1598 1
322 1488 407 1577 itaque
422 1518 489 1560 non
503 1496 595 1561 fusus
611 1499 705 1561 modo
721 1499 761 1560 ab
777 1496 827 1560 his
840 1508 897 1561 eut
908 1498 1053 1580 fugatus,
1070 1499 1125 1561 sed
1137 1535 1177 1544 —
1190 1496 1295 1561 simile
1306 1499 1453 1581 prodigio

248 1621 251 1672 1
321 1633 346 1650 —
361 1603 487 1665 omnino
502 1613 590 1668 totus
605 1602 801 1685 interceptus
818 1604 976 1668 exercitus
999 1625 1096 1686 quem
1117 1605 1252 1667 duxerat
1275 1605 1368 1667 Cato.
1393 1603 1452 1666 Di·

284 1709 304 1760 11
317 1704 372 1770 dius
392 1729 491 1790 uagos
513 1718 545 1771 et
566 1708 667 1772 libera
692 1708 901 1790 populatione
923 1709 1055 1774 diffusos
1084 1709 1169 1773 intra
1191 1731 1283 1773 suam
1312 1710 1452 1792 reppulit

248 1799 250 1866 l
315 1810 480 1878 Thraciam.
514 1815 641 1882 Drusus
664 1813 800 1877 ulterius
822 1814 888 1897 egit
909 1825 941 1877 ct
964 1815 1070 1878 uetuit
1092 1815 1226 1879 transire
1247 1815 1448 1879 Danuuium.

248 1969 255 2010 ·‚
309 1917 464 1984 Minucius
485 1929 553 1984 toto
579 1918 722 1984 uastauit
744 1921 874 1995 Hebro,
902 1920 1014 1984 multis
1044 1921 1174 2003 quidem
1202 1921 1345 1996 emissis,
1374 1922 1452 1984 dum

248 2019 250 2024 ’
305 2027 455 2106 perfidum
469 2026 572 2109 glacio
587 2026 709 2088 flumen
724 2025 898 2107 equitatur.
913 2027 1013 2092 Volso
1027 2028 1208 2110 Rhodopen
1225 2030 1452 2110 Haemumque

302 2131 488 2212 penetrauit.
515 2130 614 2195 Curio
629 2129 732 2194 Dacia
747 2140 841 2195 tenus
857 2130 967 2207 uenit,
991 2134 1048 2195 sed
1069 2134 1216 2195 tenebras
1239 2134 1381 2196 saltuum
1397 2155 1451 2196 ex-

269 2243 288 2295 11
301 2237 396 2319 pauit.
422 2236 549 2320 Appius
572 2236 607 2298 in
623 2236 785 2300 Sarmatas
801 2259 903 2319 usque
922 2236 1090 2319 peruenit,
1113 2238 1270 2301 Lucullus
1286 2240 1327 2301 ad
1344 2238 1450 2302 termi-

300 2364 374 2405 num
389 2343 538 2426 gentium
554 2342 680 2406 Tanain
695 2342 864 2423 lacumque
876 2341 1042 2405 Maeotim.
1056 2365 1115 2406 nec
1128 2343 1221 2407 aliter
1235 2343 1451 2408 cruentissimi

299 2448 440 2512 hostium
455 2470 552 2533 quarn
567 2447 634 2512 suis
650 2446 791 2511 moribus
807 2447 930 2511 domiti.
957 2447 1076 2531 qnippe
1096 2449 1132 2511 in
1146 2449 1291 2532 captiuos
1306 2450 1375 2533 igni
1389 2450 1450 2514 fer·

298 2576 393 2637 roque
410 2553 572 2617 saeuitum
587 2564 635 2616 est
644 2577 653 2628 ;
679 2554 734 2616 sed
755 2552 839 2616 nihil
853 2553 996 2616 barbaris
1012 2554 1151 2618 atrocius
1166 2554 1275 2619 uisum
1290 2567 1338 2619 est
1354 2578 1451 2639 quam

297 2662 380 2742 quod
410 2659 543 2724 abscisis
569 2658 719 2725 manibus
745 2658 850 2722 relicti
875 2658 985 2722 uiuerc
1012 2660 1200 2741 superstites
1225 2683 1347 2744 poenae
1373 2682 1450 2725 suae

261 2772 283 2828 11
299 2764 502 2832 iubebantur.

445 3020 671 3083 XXXVIIII.
696 3020 882 3084 BELLVM
898 3021 1296 3089 MITHRIDATICVM.

298 3240 451 3304 Ponticae
466 3249 578 3322 gentes
600 3263 619 3302 1
639 3239 856 3323 septentrione
879 3240 913 3302 in
936 3240 1104 3305 sinistrum
1125 3243 1248 3320 iacent,
1273 3266 1292 3306 1
1316 3243 1451 3308 Pontico
1467 3244 1558 3316 111,5

297 3345 541 3430 cognominatae
556 3346 647 3409 mari.
673 3347 789 3409 harum
811 3345 959 3429 gentium
982 3356 1078 3429 atque
1099 3348 1269 3432 regionum
1288 3372 1346 3412 rex
1368 3349 1450 3411 anti·

298 3451 470 3535 quissimus
477 3453 607 3528 Aeetas,
624 3452 888 3534 postArtabazes,
906 3462 1060 3534 aseptom
1074 3453 1181 3517 Persis
1194 3453 1361 3529 oriunduS,
1375 3453 1451 3516 inde

259 3561 281 3614 15
297 3557 521 3634 Mithridates,
550 3557 695 3621 omnium
723 3557 819 3638 longe
846 3556 1018 3619 maximus.
1054 3558 1172 3640 quippo
1199 3580 1273 3620 cnm
1299 3567 1451 3642 quattuor

297 3664 431 3747 Pyrrho,
449 3663 602 3727 tredecim
617 3662 694 3726 anni
708 3662 863 3726 Annibali
879 3661 1079 3737 suffecerint,
1096 3663 1152 3725 ille
1167 3684 1223 3745 per
1238 3662 1451 3747 quadraginta

298 3791 396 3833 annos
413 3768 551 3845 restitit,
575 3770 676 3832 donec
692 3766 793 3830 tribus
809 3766 995 3849 ingentibus
1010 3766 1103 3829 bellis
1125 3767 1276 3831 subactus
1297 3767 1451 3833 felicitate

297 3874 417 3950 Sullae,
432 3874 553 3938 uirtute
565 3873 706 3949 Luculli,
723 3871 946 3956 magnitudine
959 3872 1092 3954 Pompei
1108 3886 1358 3938 consumeretur.
1377 3899 1450 3939 cau-

301 4185 309 4233 1
324 4182 395 4236 nihil
408 4180 518 4235 interim
529 4198 577 4251 per
588 4181 730 4253 imperium
743 4181 830 4233 donec
842 4186 949 4249 tempus
968 4191 986 4231 1
1004 4180 1013 4250 11
1033 4184 1047 4233 2
1067 4181 1220 4235 crudelitati
1237 4194 1256 4234 Β
1275 4184 1283 4250 11
1303 4180 1449 4234 dludibrio

296 4278 319 4319 Ν
329 4268 338 4337 11
353 4270 369 4320 8
381 4266 417 4320 11)
429 4267 453 4320 11
465 4279 490 4319 Ν
500 4267 509 4338 11
523 4267 609 4321 simile
629 4285 663 4330 ς.·
681 4264 762 4319 simili
778 4277 822 4318 BN
833 4264 842 4334 1
858 4268 887 4317 10
908 4282 987 4317 suum
1004 4277 1024 4318 Β
1037 4266 1046 4336 11
1062 4269 1090 4318 11
1111 4267 1228 4320 thaciem
1246 4280 1266 4320 B
1279 4268 1287 4337 11
1301 4265 1450 4319 danubium

297 4351 382 4420 glacie
399 4350 501 4405 flumen
517 4351 655 4421 equitatur
666 4349 820 4420 1111111111
837 4352 866 4402 13
879 4366 927 4418 per
938 4350 1073 4420 perfidum
1091 4352 1136 4423 Ν1
1155 4352 1240 4422 glacie
1257 4351 1357 4403 flumen
1375 4348 1450 4419 cqui-

296 4442 369 4489 tetur
381 4453 425 4489 om
436 4448 456 4489 B
469 4436 477 4506 11
497 4436 575 4489 nolso
592 4449 630 4489 B:
648 4435 707 4505 piso
726 4434 904 4504 Ν1111111111
924 4434 965 4504 1111
985 4434 1165 4507 haemumque
1182 4434 1292 4504 ambri:
1312 4430 1451 4489 1111111111-

298 4537 366 4589 qnae
387 4533 422 4584 B,
445 4537 641 4591 caucasumque
658 4534 684 4574 Ν
701 4521 709 4591 11
725 4520 887 4573 1611111111
904 4532 929 4572 Ν
940 4521 948 4590 11
965 4525 993 4572 17
1015 4521 1129 4591 captiuis
1141 4533 1167 4574 Ν
1177 4522 1185 4590 11
1199 4525 1228 4573 21
1244 4528 1309 4572 11111
1323 4517 1450 4587 1111111-

298 4618 453 4660 ΜΤΙΟΝΜΒ
466 4606 474 4676 11
489 4610 520 4659 22
528 4607 562 4659 ed
570 4606 780 4676 septentrionem
792 4604 822 4657 in
833 4622 906 4657 mare
918 4605 1090 4658 sinistrnmN
1100 4606 1109 4675 11
1123 4608 1155 4657 24
1163 4612 1237 4658 aetas
1244 4615 1288 4656 BN
1297 4601 1306 4673 1
1320 4606 1352 4655 26
1358 4602 1451 4673 phirro

298 4690 514 4759 quattuordecim
525 4703 551 4744 Ν
561 4691 570 4761 11
582 4690 713 4744 Annibali
730 4688 885 4743 suffecerint
896 4707 938 4742 om
949 4702 969 4742 Β
983 4689 991 4759 11
1005 4692 1038 4742 28
1050 4689 1126 4742 sillae
1137 4702 1165 4754 B,
1180 4687 1263 4758 syllae
1274 4700 1299 4741 Ν
1309 4687 1319 4757 11
