3809 5534
776 599 972 646 amsssrro.
1357 590 1463 646 XXXI

293 748 408 833 possis.
433 768 540 832 neque
550 748 672 816 ,dosunt
680 748 855 830 proelium,
873 747 1046 832 quaerella,
1057 746 1286 829 prucleudere,
1304 750 1461 814 ucmi'ucrc

294 865 327 918 et
342 854 369 918 si
384 875 468 936 quae
484 865 561 918 aunt
577 853 713 929 similia,
735 853 770 918 iu
793 854 908 935 quibus
931 874 968 916 aa
989 873 1105 916 sonum
1125 851 1265 920 indicare
1280 875 1344 934 qno
1358 877 1375 916 e
1388 877 1459 936 pro·

293 960 484 1024 nuntiatum
505 958 548 1022 sit
568 958 695 1024 monuit
716 958 943 1022 Lachmannus
967 958 1008 1022 ad
1031 957 1218 1024 Lucretium
1236 981 1259 1040 p
1284 965 1356 1023 3³9.
1384 967 1457 1028 384.

295 1067 336 1130 ad
354 1064 499 1129 similem
525 1085 654 1127 causam
685 1064 902 1126 reuocandum
930 1060 1059 1126 uidetur
1085 1064 1169 1145 quod
1193 1064 1316 1128 (iolcum
1341 1065 1461 1134 habent

295 1176 363 1236 BN
381 1179 478 1250 atque
497 1168 707 1244 ,reuirescere
726 1167 943 1252 irrquuesccre,
963 1178 1032 1230 tum
1047 1168 1132 1248 quod
1139 1189 1304 1249 purpura,
1321 1170 1460 1234 cousulu-

295 1274 354 1349 ris,
373 1274 517 1355 scopolus
531 1272 567 1338 in
582 1281 612 1335 B
625 1273 762 1355 legitur,
780 1273 912 1357 fistulo,
930 1272 1084 1335 iucololus
1098 1270 1133 1333 in
1148 1277 1199 1347 N,
1223 1271 1315 1338 cuius
1336 1275 1461 1355 generis

297 1377 418 1440 similia
443 1379 601 1459 quaedam
630 1377 799 1446 adnotauit
825 1378 1053 1442 Laclrmannus
1079 1378 1120 1443 ad
1147 1376 1332 1446 Lucretium
1357 1401 1379 1461 p
1409 1384 1458 1443 19.

297 1483 381 1545 illud
406 1482 635 1564 peruulgatum
661 1494 709 1545 est
736 1484 821 1564 quod
842 1482 857 1545 i
875 1491 949 1565 atu
973 1481 1157 1563 saepissime
1182 1492 1405 1563 permutantur
1429 1494 1462 1552 et

297 1599 433 1669 utraque
447 1586 556 1656 littera
567 1608 719 1669 peruerse
734 1586 883 1670 ponitur,
908 1586 1049 1655 maxime
1071 1586 1200 1668 quidem
1220 1586 1255 1655 in
1276 1586 1460 1656 nominibus

296 1691 444 1767 Graecis,
461 1692 519 1756 sed
533 1692 631 1762 etiam
645 1690 855 1761 inRomanis,
874 1691 1024 1760 etSullae
1039 1712 1157 1754 nomen
1169 1713 1242 1754 cnm
1256 1693 1351 1760 modo
1367 1692 1462 1776 Sulla

296 1798 394 1870 modo
410 1795 498 1862 Silla
510 1796 612 1864 semel
627 1818 703 1864 uero
719 1796 815 1860 Sullu
829 1795 864 1860 in
876 1802 942 1859 BN
949 1795 1045 1863 scribi
1059 1796 1213 1871 uiderem,
1231 1818 1355 1879 semper
1367 1796 1462 1865 salu

295 1902 504 1973 scribendum
516 1900 609 1972 duxi.
646 1901 728 1972 illud
749 1923 825 1968 uero
847 1922 910 1982 quo
931 1902 1026 1970 modo
1041 1902 1268 1984 explicandum
1283 1902 1325 1968 sit
1340 1900 1460 1977 nescio,

296 2009 424 2089 quodp
443 2010 495 2081 26,
515 2011 553 2078 18
569 2004 604 2068 in
620 2013 649 2069 B
659 2005 819 2087 scriptum
832 2016 881 2070 est
902 2004 1100 2090 suburrrsiuis
1120 2006 1259 2089 campis,
1288 2008 1375 2070 unde
1393 2005 1428 2067 in
1443 2008 1467 2067 I

297 2114 355 2176 sub
369 2096 467 2176 lauros
482 2109 517 2176 is
531 2108 581 2173 laris
597 2109 734 2191 campa,
758 2109 794 2180 in
809 2116 846 2180 N
863 2131 939 2176 uero
960 2110 1016 2176 sub
1037 2110 1178 2180 arusinis
1200 2110 1319 2192 campis
1339 2111 1463 2182 lactum

298 2227 358 2280 est.
384 2236 579 2299 quamquam
599 2215 687 2278 enim
704 2217 748 2280 sle
769 2214 917 2282 Arusinis
937 2213 1060 2295 campis
1081 2214 1221 2283 dubitari
1242 2214 1374 2296 nequit,
1405 2216 1462 2278 sul

300 2332 410 2388 tsmcn
425 2329 534 2401 aper-te
547 2320 666 2390 falsum
677 2328 729 2391 est
743 2356 785 2408 -7
800 2341 876 2382 nam
888 2321 944 2388 sul
957 2319 1077 2401 rumpis
1085 2340 1234 2404 puquure
1248 2329 1285 2381 ut
1300 2330 1384 2381 recte
1399 2318 1463 2392 dici

298 2426 401 2509 possit
416 2405 567 2488 Dukerus
582 2424 737 2506 exemplis
753 2424 818 2489 suis
833 2446 899 2487 non
914 2424 1013 2489 euicit
1028 2458 1069 2471 -
1084 2435 1117 2488 et
1132 2446 1171 2487 ex
1185 2424 1242 2507 sub
1257 2423 1314 2490 illo
1328 2425 1462 2501 factum,

296 2534 387 2614 qnod
402 2529 614 2611 corruptelam
627 2528 768 2605 indicat,
792 2551 889 2614 quam
910 2528 1116 2610 probabiliter
1136 2530 1305 2596 emendare
1325 2511 1461 2611 nequeo.

298 2636 393 2712 facile
409 2634 540 2718 quidem
554 2633 723 2714 suspiceris
743 2634 909 2698 librarium
931 2635 1091 2715 quondam
1111 2633 1151 2695 de
1173 2632 1286 2714 Sybari
1308 2634 1463 2715 cogitasse

299 2752 332 2815 et
347 2742 433 2822 quod
447 2761 468 2821 p
484 2744 538 2815 63,
559 2744 596 2808 16
617 2738 737 2806 factum
760 2760 828 2802 esse
843 2739 1002 2814 uidimus,
1020 2747 1056 2800 ut
1078 2759 1134 2819 pro
1150 2738 1279 2799 Haemo
1301 2738 1463 2809 Caucasus

299 2844 470 2919 inferretur
485 2854 518 2906 et
532 2843 607 2907 inde
629 2852 809 2914 monstrum
830 2843 978 2907 lectionis
993 2863 1176 2910 samonium
1198 2841 1351 2917 oriretur,
1378 2840 1465 2904 iilam

297 2949 361 3021 hoc
376 2948 447 3012 loco
461 2933 630 3022 euenisse,
651 2968 765 3012 uerum
779 2946 854 3011 inde
878 2950 1022 3014 nondum
1045 2947 1243 3030 explicatur,
1267 2947 1323 3028 qui
1343 2948 1465 3021 factum

299 3054 342 3117 sit
357 3064 394 3130 nt
409 3053 601 3136 praepositio
612 3074 693 3133 quae
705 3062 753 3115 cst
768 3053 813 3129 iu,
831 3075 895 3135 qna
909 3077 975 3117 non
989 3054 1083 3117 uideo
1095 3074 1159 3135 quo
1169 3054 1264 3117 modo
1275 3073 1379 3116 carere
1394 3073 1466 3134 pos.-

299 3158 343 3222 sis
352 3206 364 3235 ,
382 3158 499 3231 omissa
513 3157 570 3222 sit(
596 3156 719 3230 accolit
733 3157 834 3235 illud,
859 3161 945 3240 quod
965 3181 987 3241 p
1005 3166 1056 3234 51,
1075 3163 1114 3218 26
1136 3157 1193 3220 ubi
1214 3163 1251 3221 N
1269 3155 1400 3230 exhibet
1415 3154 1464 3220 iu·

300 3264 405 3339 iuria,
430 3266 515 3347 quod
529 3273 653 3334 rectum
666 3284 734 3327 esse
749 3261 815 3325 non
829 3274 934 3345 potest
955 3300 996 3311 -
1018 3262 1089 3345 quis
1109 3262 1197 3335 en‘nn
1218 3260 1306 3324 urbis
1329 3259 1466 3323 euersio·

298 3390 377 3432 nem
391 3368 509 3444 ffixerit
523 3368 677 3432 iniuriam
705 3367 734 3429 ei
748 3366 902 3430 inlatam?
920 3404 978 3443 -,
994 3367 1030 3429 in
1051 3376 1080 3430 B
1102 3366 1257 3449 scriptum
1281 3377 1330 3429 est
1344 3364 1465 3451 suisiu-

298 3473 364 3536 ria.
388 3483 422 3535 et
436 3473 533 3547 ruiuq
549 3473 693 3557 quidem,
707 3474 793 3555 quod
805 3473 970 3555 Hauptius
981 3472 1119 3547 inuenit,
1137 3493 1291 3554 perquam
1304 3468 1466 3552 probabile

299 3589 369 3654 est,
387 3580 444 3644 sed
458 3578 577 3644 mirum
590 3577 673 3641 illud
687 3599 723 3661 sq
739 3600 847 3640 rursus
870 3577 1024 3660 explicari
1045 3576 1168 3658 nequit.
1205 3586 1239 3638 at
1259 3577 1344 3657 quod
1365 3596 1386 3656 p
1411 3578 1465 3648 69,

304 3689 341 3746 16
364 3683 587 3767 Elcqllsruuu
615 3682 733 3764 legitur
754 3682 845 3765 quasi
868 3704 908 3746 ex
929 3683 997 3745 eius
1019 3681 1168 3755 consilio,
1198 3680 1254 3761 qui
1276 3679 1311 3741 in
1333 3676 1466 3741 Graecis

301 3788 468 3852 uocabulis
482 3797 521 3863 ‚nt
536 3787 637 3850 tutius
652 3809 775 3870 semper
788 3811 809 3873 q
825 3787 965 3858 litteram
979 3787 1161 3869 ponendam
1178 3784 1275 3858 lduxit
1283 3831 1293 3861 ,
1320 3782 1354 3846 id
1377 3794 1467 3865 typo-

299 3893 412 3970 thetae
428 3914 531 3955 errore
544 3892 666 3968 fastum
682 3901 740 3955 est.

386 3997 573 4073 Discrimen
598 3998 700 4074 illud,
725 3999 811 4081 quod
831 3996 915 4059 inter
935 4004 965 4059 B
989 4006 1022 4058 et
1042 4002 1079 4059 N
1098 3994 1285 4070 intercedit,
1314 3992 1411 4056 otiam
1433 3992 1468 4053 in

302 4104 496 4187 quibusdam
510 4105 605 4179 rebus
628 4102 883 4186 orthographicis
906 4102 1073 4172 obseruare
1095 4101 1182 4178 licet.
1221 4100 1267 4162 ita
1290 4120 1364 4160 cum
1386 4096 1467 4159 anti·

303 4210 412 4292 quitus
428 4230 496 4271 non
512 4208 646 4271 scribere
662 4207 772 4271 liceret
787 4229 830 4271 uu
845 4208 902 4269 sed
916 4228 975 4282 uo,
991 4213 1029 4269 N
1047 4206 1082 4267 in
1104 4206 1149 4269 eis
1171 4201 1336 4268 uocabulis
1352 4199 1468 4282 quibus

302 4314 398 4389 hasce
413 4314 539 4391 litteras
555 4313 701 4395 lexeipit
715 4334 782 4375 non
797 4321 981 4374 constanter
1003 4311 1134 4394 quidem
1148 4312 1205 4374 sed
1219 4310 1405 4393 plerunque
1422 4314 1468 4366 ta-

304 4442 377 4491 men
392 4443 433 4492 uo
455 4418 583 4495 scribit3
616 4428 692 4482 sunt
712 4427 821 4480 autem
835 4416 915 4478 hacc
929 4415 995 4478 fere
1017 4417 1192 4491 Volcanus,
1209 4414 1316 4496 uolqo,
1342 4409 1466 4487 uoluus,

312 4525 431 4603 Volsci,
457 4522 608 4600 Volsinii,
625 4522 779 4599 reuulsus,
797 4522 913 4596 uoltus,
939 4519 1132 4584 Volturcius.
1164 4527 1193 4582 B
1215 4527 1326 4591 contra
1345 4536 1470 4597 semper

309 4651 346 4694 uu
361 4630 495 4694 exhibet
510 4627 574 4692 nisi
589 4630 675 4712 quod
695 4626 876 4692 Volturcius
892 4636 960 4708 etp
977 4631 1028 4702 63,
1050 4632 1086 4690 13
1110 4624 1204 4688 Volso
1220 4620 1340 4686 scribit.
1364 4627 1402 4684 N
1412 4643 1470 4703 pro
