3809 5534
368 594 428 655 100
852 610 921 654 irnr
938 610 1037 655 rnonr

365 762 492 847 peium,
519 760 547 823 si
568 760 680 822 eadem
701 758 809 842 ipsum
831 782 913 842 quae
933 760 1110 823 exercitum
1125 760 1195 824 cius
1209 762 1341 825 fortuna
1355 763 1516 827 traxisset.

366 878 526 951 superstes
552 864 720 948 dignitatis
746 887 822 928 suae
848 866 952 942 uixit,
980 877 1017 929 ut
1043 887 1118 929 cum
1142 867 1262 930 maiore
1286 869 1443 932 dedecore
1468 890 1521 953 per

366 971 553 1035 Thessalica
567 972 689 1053 Tempe
703 991 786 1054 equo
800 971 944 1054 fugeret,
966 981 1004 1034 ut
1018 993 1086 1035 una
1103 972 1258 1035 nauicula
1272 974 1404 1037 Lesbon
1419 974 1516 1058 appli-

365 1088 501 1153 caretur,
520 1085 558 1138 ut
574 1076 703 1159 syenes
717 1076 752 1138 in
768 1077 893 1139 unere
908 1076 1041 1140 unicae
1056 1078 1189 1161 scopulo
1203 1069 1315 1161 agan
1329 1078 1367 1141 in
1382 1060 1518 1143 Ριηιοέ

365 1183 508 1245 Africam
523 1182 578 1243 uel
588 1183 760 1265 Aegypton
775 1181 923 1264 agitaret,
939 1191 978 1243 ut
992 1182 1131 1265 denique
1147 1183 1278 1247 Pelusio
1291 1184 1403 1261 litore,
1419 1184 1514 1267 impe-
1531 1197 1541 1245 5

366 1288 412 1351 rio
428 1287 579 1351 uilissimi
592 1287 689 1370 regis,
706 1285 850 1350 consiliis
865 1287 1046 1369 spadonum
1059 1296 1104 1364 et,
1120 1309 1162 1350 ne
1177 1288 1257 1371 quid
1270 1290 1366 1353 malis
1383 1291 1515 1365 deesset,

365 1392 516 1476 Septimii
530 1392 699 1455 desertoris
714 1392 767 1455 sui
782 1391 890 1474 gladio
910 1391 1090 1455 trucidatus
1106 1392 1166 1455 sub
1186 1393 1288 1456 oculis
1311 1394 1426 1457 uxoris
1448 1398 1535 1457 suae'

363 1498 598 1580 liberorumque
613 1508 800 1561 moreretur.

451 1603 533 1671 Quis
555 1625 622 1666 non
644 1614 811 1686 peractum
832 1623 901 1664 esse
927 1623 1002 1665 cum
1028 1603 1184 1686 Pompeio
1209 1604 1374 1668 crederet?
1408 1605 1516 1688 atquin

365 1709 468 1771 acrius
483 1709 587 1771 multo
602 1718 699 1789 atque
713 1707 939 1770 uehementius
961 1707 1140 1772 Thessalici
1160 1708 1303 1771 incendii
1326 1709 1452 1774 cineres
1471 1732 1514 1773 re
1530 1720 1552 1769 ιι

365 1814 545 1875 caluerunt.
570 1823 602 1875 et
622 1812 657 1873 in
672 1814 820 1896 Aegypto
835 1813 967 1895 quidem
981 1812 1136 1875 aduersus
1151 1814 1322 1877 Caesarem
1337 1814 1410 1877 sine
1423 1816 1516 1899 parti·

363 1919 424 1981 bus
439 1918 572 1981 bellum.
591 1917 709 2000 quippe
724 1939 799 1980 eum
811 1919 1029 1993 Ptolemaeus,
1046 1939 1104 1980 rex
1113 1918 1342 1995 Alexandriae,
1359 1942 1517 1984 summum

366 2022 473 2085 ciuilis
494 2023 573 2085 belli
595 2024 698 2086 scelus
721 2022 897 2106 peregisset
918 2034 950 2086 et
966 2023 1079 2086 foedus
1104 2022 1266 2086 amicitiae
1286 2044 1363 2086 cum
1387 2026 1518 2089 Caesare

365 2128 471 2191 medio
483 2128 619 2211 Pompei
630 2128 734 2211 capite
749 2128 919 2205 sanxisset,
929 2128 1094 2192 ¹ultionem
1109 2128 1278 2191 clarissimi
1293 2129 1357 2191 uiri
1371 2130 1517 2194 manibus

368 2243 542 2315 quaerente
556 2236 700 2297 Fortuna
716 2256 814 2297 causa
827 2256 893 2297 non
915 2234 1029 2297 defuit
1053 2234 1224 2317 Cleopatra
1244 2234 1330 2317 regis
1345 2257 1454 2312 soror,
1471 2236 1519 2298 ad·
1533 2242 1555 2293 Ν

365 2338 438 2401 fusa
453 2339 597 2402 Caesaris
618 2339 753 2421 genibus
775 2349 899 2423 partem
919 2339 1012 2421 regni
1033 2339 1228 2420 reposcebat.
1264 2340 1376 2403 aderat
1396 2341 1519 2424 puellae

365 2443 485 2518 forma,
509 2453 541 2504 et
556 2465 638 2525 quae
653 2444 873 2526 duplicaretur
887 2465 928 2505 ex
941 2443 1018 2519 illo,
1042 2445 1128 2525 quod
1149 2444 1224 2507 talis
1239 2466 1334 2528 passa
1348 2445 1517 2508 uidebatur

366 2546 537 2623 iniuriam,
560 2548 670 2611 odium
692 2548 794 2631 ipsius
810 2548 911 2631 regis,
935 2548 993 2630 qui
1008 2548 1144 2632 Pompei
1157 2570 1270 2613 necem
1283 2549 1431 2632 partium
1444 2550 1516 2625 fato,

366 2675 433 2716 non
440 2653 570 2717 Caesari
586 2654 729 2730 dederat,
747 2654 836 2716 haud
848 2653 944 2716 dubie
962 2652 1048 2716 idem
1061 2654 1097 2715 in
1111 2654 1220 2737 ipsum
1234 2676 1387 2731 ausurus,
1404 2656 1433 2719 si
1447 2655 1519 2718 fuis·

367 2768 416 2821 set
428 2758 561 2821 occasio.
580 2780 678 2841 quam
701 2758 757 2821 ubi
769 2761 887 2822 Caesar
899 2756 1028 2820 restitui
1038 2758 1135 2821 iussit
1149 2758 1185 2821 in
1195 2781 1344 2842 regnum,
1363 2760 1476 2824 statim
1484 2762 1518 2823 ah
1531 2766 1554 2817 N

367 2862 470 2925 isdem
483 2863 724 2945 percussoribus
740 2863 875 2947 Pompei
896 2864 1044 2925 obsessus
1065 2862 1101 2925 in
1123 2864 1212 2947 regia
1230 2864 1384 2947 quamuis
1408 2866 1520 2949 exigua

367 2988 468 3029 manu
482 2966 623 3050 ingentis
638 2967 796 3030 exercitus
811 2968 929 3030 molem
951 2967 1034 3029 mira
1054 2968 1177 3031 uirtute
1199 2969 1369 3032 sustinuit.
1402 2992 1440 3033 ac
1460 2970 1518 3053 pri-

368 3094 459 3134 mum
474 3072 693 3155 proximorum
712 3072 930 3136 aedificiorum
950 3082 1047 3154 atque
1066 3073 1236 3137 naualium
1255 3074 1409 3139 incendio
1428 3075 1519 3139 inies

370 3189 477 3241 torum
498 3177 642 3241 hostium
662 3178 728 3240 tela
753 3176 948 3252 summouit,
977 3199 1054 3239 mox
1067 3176 1104 3239 in
1117 3199 1220 3261 paene
1234 3178 1380 3243 insulam
1396 3181 1519 3245 Pharon

371 3283 497 3347 subitus
514 3282 634 3356 euasit;
659 3282 735 3344 inde
750 3282 903 3363 depulsus
917 3280 954 3343 in
967 3281 1069 3344 maria
1088 3282 1170 3345 mira
1190 3283 1345 3347 felicitate
1361 3288 1406 3348 ad
1417 3285 1518 3368 proxi·
1532 3291 1554 3340 2⁵

370 3411 457 3451 mam
471 3389 605 3451 classem
621 3386 783 3462 enatauit,
806 3384 917 3448 relicto
932 3386 1063 3467 quidem
1076 3386 1112 3449 in
1126 3387 1278 3451 fluctibus
1293 3390 1520 3472 paludamento

371 3517 428 3559 seu
442 3495 509 3558 fato
525 3516 582 3557 seu
598 3492 750 3568 consilio,
772 3501 810 3554 ut
830 3490 913 3553 illud
932 3490 1159 3574 ingruentibus
1174 3493 1318 3557 hostium
1333 3496 1409 3559 telis
1425 3496 1518 3560 saxis·

371 3623 432 3682 que
453 3609 625 3684 peteretur.
661 3609 740 3662 tunc
759 3600 951 3679 receptus'a
977 3596 1117 3660 classicis
1142 3597 1229 3675 suis,
1258 3599 1405 3683 undique
1430 3602 1520 3665 simul

371 3705 478 3769 hostes
494 3707 624 3768 adortus
639 3706 679 3767 de
693 3702 807 3767 inbelli
822 3724 859 3765 ac
873 3703 995 3786 perfida
1014 3713 1111 3785 gente
1132 3703 1218 3767 iusta
1239 3704 1352 3787 generi
1374 3707 1519 3770 manibus

374 3976 389 4024 2
403 3978 434 4025 ut
446 3990 488 4024 om
506 3984 531 4025 N
541 3973 550 4043 11
571 3975 586 4024 3
604 3972 784 4043 applicaretur
801 3981 833 4028 ut
850 3974 995 4028 Halmius:
1019 3975 1219 4047 applicarentur
1236 3980 1265 4028 et
1281 3988 1318 4041 Β,
1344 3977 1521 4047 applicaretur

372 4050 416 4127 Ν11
431 4060 446 4107 4
460 4055 569 4127 Syedris
582 4057 748 4110 Salmasius:
767 4059 857 4113 hedris
868 4074 902 4125 Β,
923 4060 1018 4130 pulsus
1031 4060 1121 4114 hedris
1132 4060 1177 4131 Ν1
1191 4064 1206 4113 5
1218 4066 1368 4131 aegyptum
1385 4075 1406 4114 Β
1418 4062 1428 4133 1
1440 4063 1470 4115 in
1480 4072 1520 4132 pe'

372 4142 443 4195 lusio
452 4154 478 4195 N
488 4142 497 4212 11
510 4146 526 4196 6
540 4142 645 4195 deesset
656 4142 800 4195 Halmius:
818 4145 889 4198 desit
899 4157 944 4199 ΒΝ
954 4146 992 4215 119
1012 4145 1132 4198 crederet
1142 4145 1245 4199 bellum
1255 4147 1301 4217 Ν1
1313 4146 1421 4217 adquin
1436 4145 1481 4216 Ν1
1495 4148 1521 4197 12

373 4226 524 4296 ptolomeus
540 4237 560 4280 Β
573 4225 582 4296 11
598 4229 628 4279 13
641 4227 789 4297 peregisset
800 4227 949 4299 foedusque
966 4230 1011 4300 Ν1
1026 4232 1056 4281 14
1070 4228 1202 4284 ultionem
1215 4248 1284 4300 quae
1294 4231 1425 4286 manibus
1438 4230 1522 4285 claris·

373 4304 434 4363 simi
454 4301 511 4365 uiri
525 4311 651 4365 omnibus
670 4320 814 4381 quaerente
832 4314 957 4367 fortunae
973 4326 993 4367 Β
1005 4315 1014 4385 11
1029 4318 1059 4367 17
1077 4315 1179 4368 formae
1196 4314 1284 4384 Β118
1301 4315 1418 4387 Pompei
1436 4330 1523 4370 necem

373 4395 483 4464 scripsi:
502 4387 656 4469 pompeium
668 4412 759 4465 regem
771 4409 804 4462 Β,
825 4399 949 4469 pompeio
962 4399 1056 4452 aedem
1071 4410 1098 4452 N
1108 4399 1117 4468 11
1132 4402 1163 4451 19
1182 4400 1255 4454 idem
1271 4418 1315 4453 om
1334 4413 1354 4453 Β
1367 4402 1377 4472 1
1391 4401 1416 4455 si
1434 4401 1524 4455 fuisset

374 4480 478 4532 occasio
490 4471 700 4535 Niomnnenim:
719 4481 743 4533 si
753 4481 853 4535 ruisset
864 4483 989 4536 hoccasio
1000 4496 1033 4547 Β,
1056 4483 1079 4536 si
1091 4484 1243 4553 expedisset
1253 4497 1280 4537 Ν
1290 4485 1299 4555 11
1313 4488 1342 4538 21
1358 4485 1467 4540 hisdem
1477 4497 1497 4538 Β
1513 4483 1520 4552 1

375 4565 516 4634 quamquis
527 4579 553 4618 Ν
563 4567 571 4636 11
585 4560 678 4637 exigui
692 4568 707 4619 b
721 4567 729 4635 11
743 4569 774 4617 22
788 4566 837 4618 hae
855 4580 875 4619 Β
888 4568 896 4636 11
910 4572 942 4621 23
955 4575 1037 4639 atque
1050 4568 1187 4622 naualium
1200 4588 1242 4622 om
1253 4582 1273 4624 Β
1286 4570 1295 4641 1
1309 4574 1342 4623 24
1355 4569 1522 4640 peninsulam

377 4659 393 4698 Β
406 4647 414 4715 11
427 4647 502 4700 faron
515 4651 602 4719 Ν112ῖ
618 4660 648 4705 ut
659 4672 701 4705 om
714 4663 733 4703 Β
746 4651 754 4720 11
767 4651 952 4706 incruentibus
964 4666 983 4708 Β
996 4654 1005 4722 11
1019 4657 1050 4705 27
1063 4653 1135 4705 facto
1149 4654 1164 4705 b
1176 4654 1185 4722 11
1199 4656 1231 4706 28
1243 4662 1304 4708 tum
1316 4650 1518 4727 Ν11291ιιιοΒ1
