3809 5534
712 625 860 669 nrrrons
877 623 902 679 1,
921 614 1029 665 tta—20
1047 602 1100 688 [11,
1117 604 1218 688 2-4].
1499 608 1539 671 33

365 775 466 838 lrates
484 784 591 837 totum
606 774 691 837 inter
706 775 852 840 Siciliam
872 772 1118 856 Sardiniamque
1137 773 1271 857 pelagus
1292 775 1460 859 naufragio
1481 798 1539 841 suo
1584 795 1591 806 ’

391 892 589 964 operuenmt.
617 891 708 945 tauta
723 882 862 965 denique
877 880 939 944 fuit
960 880 1018 943 illa
1032 878 1188 955 uictoria,
1216 889 1254 942 ut
1275 881 1315 942 de
1331 882 1538 947 excindendis

390 987 525 1052 hostium
540 986 710 1051 moenibus
724 1009 791 1051 non
812 997 1027 1071 quaereretur.
1056 1004 1291 1065 superuacuum
1313 985 1420 1049 uisum
1442 988 1540 1051 estin

357 1092 484 1177 [Ilarcem
495 1114 670 1175 murosque
683 1092 817 1168 saeuire,
832 1114 906 1155 cum
921 1090 1033 1154 iamin
1044 1088 1125 1152 mari
1135 1100 1218 1152 esset
1230 1089 1336 1153 deleta
1343 1088 1536 1177 Carthago.u

365 1326 374 1373 5
633 1313 788 1377 XVIIII.
813 1314 999 1378 BELLVM
1015 1311 1288 1378 LIGVRICVM.

390 1486 519 1548 Peracto
537 1482 663 1548 Punico
677 1482 762 1546 bello
778 1494 887 1546 secuta
902 1495 951 1547 est
965 1483 1072 1547 breuis
1088 1505 1164 1547 sane
1186 1483 1278 1568 quasi
1293 1484 1334 1546 ad
1349 1505 1537 1567 recuperan-
1555 1479 1625 1554 11,3

391 1592 462 1654 dum
479 1588 631 1672 spiritum
645 1589 788 1672 requies,
806 1601 1097 1672 argumentumque
1116 1589 1205 1672 pacis
1228 1601 1260 1653 et
1281 1590 1367 1653 bona
1388 1591 1452 1653 fide
1475 1611 1540 1652 ces·

390 1695 529 1759 santium
544 1716 705 1758 armorum
719 1706 791 1758 tum
805 1695 946 1777 primum
966 1706 1038 1779 post
1059 1696 1204 1759 Numam
1225 1697 1334 1760 clausa
1354 1707 1446 1779 porta
1469 1694 1541 1759 Iani

389 1802 464 1878 fuit3
491 1801 644 1884 deinceps
659 1800 770 1864 statIm
784 1822 821 1865 ac
836 1800 906 1865 siue
920 1823 1010 1864 mora
1024 1800 1141 1883 patuit.
1167 1802 1285 1886 quippe
1307 1802 1372 1865 iam
1393 1800 1540 1884 Ligures,

356 1918 377 1969 n
389 1908 449 1972 iam
464 1907 620 1972 Insubres
636 1905 744 1983 Galli,
762 1928 822 1971 nec
837 1928 903 1970 uon
918 1918 951 1969 et
967 1906 1071 1989 Illyrii
1087 1906 1299 1985 lacessebant,
1317 1907 1397 1972 sitae
1410 1907 1469 1971 sub
1484 1907 1541 1970 Al·

390 2015 481 2099 pibus
496 2013 530 2077 id
546 2023 595 2075 est
610 2012 670 2075 sub
686 2010 763 2095 ipsis
780 2012 894 2076 Italiae
909 2011 1057 2076 faucibus
1071 2024 1202 2095 gentes,
1227 2016 1287 2078 deo
1309 2015 1448 2097 quodam
1463 2012 1543 2075 inci·

390 2131 474 2192 tante
497 2119 650 2195 adsidue,
674 2139 715 2181 ne
736 2116 919 2201 robiginem
941 2139 978 2181 ac
1000 2117 1099 2181 situm
1121 2119 1243 2182 scilicet
1264 2141 1352 2182 arma
1374 2118 1540 2182 sentirent.

389 2225 524 2307 denique
539 2223 668 2307 utrique
683 2222 837 2287 cotidiani
853 2235 885 2287 et
901 2222 994 2307 quasi
1016 2223 1183 2287 domestici
1197 2224 1306 2288 hostes
1320 2223 1469 2288 tirocinia
1483 2224 1542 2285 mi·

390 2331 481 2395 litum
496 2329 681 2406 inbuerant,
698 2351 758 2393 nec
773 2328 866 2393 aliter
880 2339 1015 2412 utraque
1036 2339 1133 2412 gente
1155 2351 1252 2412 quam
1274 2330 1366 2413 quasi
1381 2340 1451 2392 cote
1466 2350 1543 2412 qua-

356 2444 377 2496 15
390 2438 460 2501 dam
473 2434 615 2519 populus
630 2436 799 2499 Romanus
814 2434 934 2499 ferrum
948 2455 1025 2497 suae
1040 2434 1171 2498 uirtutis
1186 2437 1331 2499 acuebat.

365 2540 382 2602 l
474 2536 659 2624 “Ligures,
686 2538 759 2603 imis
782 2538 917 2622 Alpium
939 2538 1024 2622 iugis
1045 2541 1249 2604 adhaerentis
1271 2542 1356 2604 inter
1371 2543 1494 2606 Varum
1510 2552 1542 2604 'et

392 2648 537 2732 Magram
548 2645 672 2709 flum'en
683 2644 909 2728 inplicitosque
922 2645 1028 2708 dumis
1040 2645 1253 2722 siluestribus,
1266 2646 1367 2709 maior
1378 2646 1545 2729 aliquanto

391 2752 476 2818 labor
491 2763 561 2815 erat
575 2750 723 2814 inuenire
738 2772 835 2833 quam
851 2750 992 2813 uincere.
1017 2751 1080 2814 tuti
1096 2751 1175 2818 locis
1191 2762 1222 2814 et
1237 2750 1333 2835 fuga,
1357 2754 1475 2815 durum
1490 2753 1544 2815 ad-

392 2882 447 2943 que
462 2857 563 2922 uelox
577 2878 691 2940 genus,
709 2877 749 2918 ex
763 2855 928 2919 occasione
943 2854 1112 2920 latrocinia
1126 2857 1228 2941 magis
1240 2879 1337 2940 quam
1350 2858 1436 2921 bella
1450 2858 1545 2921 facie-

357 2968 380 3021 tt
392 2964 477 3028 bant.
515 2962 625 3046 itaque
649 2982 724 3025 cum
746 2960 803 3024 diu
824 2961 1028 3044 multumque
1056 2962 1223 3026 eluderent
1246 2963 1373 3027 Saluuii
1396 2963 1546 3027 Deciates
1653 3032 1654 3036 ,

393 3068 512 3134 Oxubii
527 3066 721 3131 Euburiates
737 3065 890 3150 Ingauni,
908 3067 1039 3129 tandem
1051 3068 1188 3132 Fuluius
1200 3070 1338 3133 latebras
1353 3091 1464 3133 eorum
1478 3069 1548 3153 igni

393 3174 519 3259 saepsit,
535 3172 676 3237 Baebius
691 3172 726 3234 in
740 3172 838 3255 plana
859 3170 1012 3247 deduxit,
1035 3174 1223 3239 Postumius
1243 3175 1289 3239 ita
1310 3175 1488 3239 exarmauit
1511 3187 1549 3238 ut

393 3281 445 3345 uix
458 3277 627 3362 reliquerit
641 3278 760 3342 ferrum
775 3298 839 3360 quo
854 3286 937 3339 terra
952 3277 1122 3341 coleretur.

688 3466 770 3529 XX.
795 3466 980 3528 BELLVM
996 3466 1245 3533 GALLICVM.

355 3639 379 3694 ²⁵
393 3637 493 3702 Gallis
520 3633 713 3700 Insubribus
739 3633 847 3698 ethis
873 3634 989 3699 accolis
1014 3636 1150 3719 Alpium
1177 3636 1277 3699 animi
1302 3638 1452 3711 ferarum,
1481 3658 1547 3698 cor·
1562 3631 1631 3703 11,4

392 3764 464 3825 pora
477 3741 554 3827 plus
570 3762 667 3823 quarn
682 3740 824 3803 humana
840 3752 941 3816 erant,
960 3741 1016 3804 sed
1027 3779 1068 3789 -
1080 3742 1299 3825 experimento
1314 3743 1548 3826 deprehensum

393 3949 406 3999 1
417 3944 598 4001 excindendis
608 3942 754 3996 Halmius:
767 3941 925 3996 excidendis
937 3954 994 3995 BlN
1006 3941 1014 4012 11
1029 3946 1044 3996 3
1057 3954 1234 4014 quererentur
1245 3958 1270 3999 N
1281 3947 1290 4017 11
1303 3950 1318 3999 5
1331 3946 1461 4017 ligurium
1473 3958 1499 3998 N
1509 3946 1518 4016 11
1532 3950 1548 4000 b

392 4038 417 4085 et
429 4030 540 4102 quasiN
550 4030 560 4102 11
571 4027 756 4098 recipiendum
767 4027 812 4098 Ν1
826 4031 839 4079 7
853 4026 952 4081 fldesN
962 4029 971 4098 11
986 4031 1105 4083 StuncN
1115 4031 1124 4101 11
1138 4030 1215 4084 eruit
1226 4032 1274 4085 sed
1288 4032 1380 4087 statim
1391 4044 1416 4085 N
1426 4032 1435 4102 11
1448 4033 1550 4102 quippe

393 4116 471 4172 etiam
488 4116 593 4186 ligures
605 4112 749 4183 etiamssll
765 4115 796 4165 10
808 4111 882 4165 illirii
900 4124 921 4165 B
933 4112 942 4183 11
955 4113 993 4166 sic
1005 4114 1091 4168 desub
1108 4117 1197 4187 Ν1111
1216 4117 1302 4171 desub
1314 4118 1364 4189 Ν1
1392 4120 1422 4170 12
1435 4115 1548 4169 adsidue

393 4198 523 4255 incitante
534 4211 560 4254 N
570 4199 579 4270 11
591 4196 746 4267 rubiginem
756 4210 785 4262 B,
798 4197 958 4267 robigenem
971 4210 996 4251 N
1006 4199 1015 4269 11
1030 4202 1061 4252 13
1074 4200 1205 4254 terocinia
1216 4214 1241 4255 Ν
1251 4202 1260 4272 11
1282 4206 1312 4255 14
1324 4199 1473 4255 inbuebant
1484 4211 1510 4251 N
1526 4198 1535 4269 11

392 4302 471 4355 quam
483 4284 562 4356 quasi
575 4302 610 4347 ς.·
623 4299 704 4353 quam
717 4282 739 4335 si
751 4294 795 4335 BN
806 4282 815 4352 1
831 4285 861 4336 16
874 4282 977 4353 liguras
988 4296 1007 4335 Β
1025 4284 1034 4354 11
1053 4284 1212 4340 adherentes
1224 4298 1262 4340 ΙΝ
1279 4288 1288 4358 11
1307 4304 1403 4341 uarum
1414 4301 1547 4355 magram·

392 4386 443 4439 que
455 4384 563 4423 amnem
580 4367 616 4439 111
632 4369 660 4419 17
675 4367 740 4420 dum
752 4366 795 4420 his
805 4379 826 4420 B
838 4368 847 4437 11
863 4370 893 4419 18
906 4367 947 4420 uti
959 4379 979 4420 rr
991 4367 1000 4438 11
1013 4368 1067 4421 tuti
1083 4369 1106 4422 si
1119 4371 1228 4441 quidem
1239 4373 1306 4427 locis
1318 4386 1334 4425 r
1344 4375 1353 4443 11
1366 4376 1398 4425 10
1411 4370 1505 4424 ludere
1517 4383 1545 4435 a,

392 4453 513 4508 eluderet
523 4464 550 4505 Ν
564 4451 573 4522 1
587 4451 657 4505 salui
667 4463 702 4515 B,
718 4450 842 4504 saltuuiis
854 4463 876 4516 1,
891 4450 977 4504 saltus
988 4465 1013 4505 N
1023 4452 1032 4523 11
1046 4454 1172 4511 decilates
1184 4470 1218 4510 al
1230 4459 1238 4528 11
1255 4462 1284 4511 19
1298 4456 1391 4512 exuuii
1402 4454 1457 4519 erl,
1480 4473 1548 4508 oxu·

392 4538 485 4603 ni11’,
507 4535 618 4590 oxubile
629 4548 656 4590 N
666 4536 674 4606 11
694 4542 723 4589 et
733 4536 853 4609 buriates
864 4549 897 4601 B,
912 4536 1032 4591 buriates
1044 4552 1071 4603 Ι,
1086 4539 1206 4595 buriates
1218 4554 1243 4595 N
1253 4543 1261 4612 11
1275 4543 1427 4613 incognitas
1444 4556 1469 4596 N
1481 4543 1489 4613 11
1507 4544 1547 4612 ig·

392 4622 470 4676 naus
490 4620 537 4691 sq
551 4624 583 4673 n
596 4619 692 4674 bessus
704 4637 770 4676 uero
784 4621 819 4692 sl
832 4605 985 4691 ponimns
996 4637 1016 4677 n
1029 4625 1038 4694 1
1052 4628 1083 4677 rs
1097 4625 1198 4695 alpium
1215 4626 1337 4679 inconsr
1355 4630 1363 4697 1
1383 4646 1494 4700 corpora
1507 4648 1547 4681 om

391 4718 416 4771 B,
430 4708 485 4761 aad
495 4725 513 4760 a
526 4710 541 4759 2
554 4722 636 4759 manu
647 4706 656 4776 11
670 4709 703 4759 26
716 4705 764 4759 sed
776 4706 960 4776 experimento
973 4709 1043 4762 bs'sN
1054 4712 1062 4781 11

421 4805 539 4846 monus
1407 4812 1423 4862 3
