3809 5534
708 626 856 671 urrroun
873 627 897 679 1,
916 617 1024 667 21)-22
1043 606 1096 690 [11,
1114 607 1215 691 1-61.

346 778 367 838 l
546 777 665 839 XXII.
690 777 875 841 BELLVM
892 775 1103 839 PVNICVM
1120 775 1381 840 SECVNDVM.

385 966 466 1028 Post
489 962 632 1046 primum
655 963 817 1027 Punicum
839 962 963 1026 bellum
990 962 1048 1025 uix
1071 961 1272 1044 quadriemrii
1299 962 1441 1045 requies:
1474 960 1629 1036 ecce11,6

384 1068 525 1131 alterum
536 1069 671 1145 bellum,
684 1068 792 1132 miuus
805 1068 935 1152 quidem
946 1068 1050 1152 spatio
1063 1106 1101 1117 -
1115 1091 1175 1132 neo
1186 1068 1274 1131 onim
1285 1068 1424 1151 amplius
1435 1071 1545 1133 decem

386 1188 419 1240 et
435 1188 508 1239 octo
524 1198 627 1239 annos
642 1175 739 1238 habet
761 1212 800 1223 -
822 1176 878 1238 sed
906 1175 986 1237 adeo
1013 1172 1154 1238 cladium
1182 1173 1348 1237 atrocitate
1374 1173 1545 1237 terribilius

351 1293 441 1359 sut,
468 1281 496 1346 si
521 1281 594 1365 quis
617 1281 759 1344 conferat
775 1283 892 1345 damna
908 1279 1075 1362 utriusque
1090 1279 1220 1363 populi,
1245 1279 1379 1343 similior
1401 1280 1488 1343 uicto
1504 1279 1546 1342 sit

385 1388 528 1472 populus
543 1387 599 1450 ille
615 1387 672 1471 qui
686 1387 777 1451 uicit.
802 1387 915 1450 urebat
937 1385 1080 1450 nobilem
1100 1386 1257 1469 populum
1278 1407 1364 1447 mare
1387 1386 1544 1461 ablatum,

387 1505 497 1578 raptae
513 1493 659 1570 insulae,
684 1496 757 1558 dare
774 1492 895 1557 tributa
902 1540 913 1570 ,
937 1514 1019 1575 quae
1034 1492 1142 1555 iubere
1158 1501 1379 1554 consueuerat.
1405 1490 1481 1553 hiuo
1496 1491 1545 1553 ul-

387 1599 512 1663 tionem
527 1622 608 1683 puer
622 1598 764 1662 Annibal
781 1600 822 1662 ad
837 1619 924 1660 aram
939 1597 1040 1681 patris
1060 1597 1241 1672 iurauerat,
1264 1618 1323 1658 uec
1349 1598 1543 1660 morabatur.

389 1705 490 1789 igitur
504 1705 540 1767 in
557 1726 687 1767 oausam
700 1703 778 1767 belli
794 1705 957 1786 Saguntos
972 1704 1074 1766 electa
1089 1714 1149 1779 est,
1166 1714 1261 1765 uetus
1272 1701 1452 1786 Hispaniae
1468 1701 1546 1764 ciui-

346 1824 372 1874 1⁰
391 1822 439 1876 tas
467 1822 500 1874 et
528 1811 683 1893 opulenta
707 1807 847 1891 fideique
871 1831 946 1892 erga
972 1810 1136 1872 Romanos
1161 1830 1317 1892 magnum
1344 1807 1473 1890 quidem
1500 1816 1548 1869 set

389 1917 481 1982 triste
496 1916 745 1991 monimentum,
762 1937 859 1998 quam
874 1915 907 1978 iu
920 1914 1102 1978 libertatem
1117 1914 1281 1978 communi
1295 1914 1421 1978 foedere
1436 1934 1548 1996 excep·

391 2034 458 2086 tam
465 2023 623 2099 Annibal,
641 2044 752 2086 causas
767 2044 926 2085 nouorum
940 2033 1090 2084 motuum
1105 2042 1271 2103 quaerens,
1289 2032 1322 2085 et
1336 2020 1403 2084 suis
1418 2031 1450 2083 et
1466 2020 1548 2103 ipso·

390 2151 462 2193 rum
491 2128 642 2192 manibus
671 2126 787 2191 euertit
812 2140 849 2191 ut
876 2128 1007 2191 Italiam
1033 2126 1095 2191 sibi
1126 2135 1221 2208 rupto
1247 2126 1372 2189 foedere
1400 2124 1546 2207 aperiret.

393 2256 520 2298 summa
534 2234 699 2296 foederum
714 2233 871 2297 Romanis
886 2233 998 2317 religio
1013 2243 1078 2308 est3
1105 2233 1214 2317 itaque
1227 2235 1267 2297 ad
1282 2232 1431 2295 auditum
1445 2230 1549 2295 sociae

348 2352 375 2402 15
393 2339 535 2404 ciuitatis
551 2338 730 2416 obsidium,
754 2361 909 2403 memores
930 2338 988 2402 icti
1008 2362 1082 2402 cum
1113 2340 1231 2404 Poenis
1253 2360 1378 2422 quoque
1401 2336 1548 2411 foederis,

395 2469 459 2510 non
474 2444 587 2509 statim
602 2446 643 2508 ad
658 2466 746 2507 arma
760 2457 970 2527 procurrunt,
994 2428 1072 2508 dum
1094 2445 1182 2528 prius
1198 2469 1285 2510 more
1299 2444 1445 2528 legitimo
1461 2442 1551 2526 queri

394 2553 531 2616 malunt.
550 2550 680 2614 interim
694 2550 760 2613 iam
774 2572 893 2614 nouem
907 2552 1071 2614 mensibus
1093 2551 1169 2614 fessi
1183 2553 1267 2615 fame
1282 2549 1440 2613 machinis
1455 2549 1548 2624 ferro,

395 2680 485 2721 uersa
500 2656 639 2740 denique
654 2656 689 2719 in
711 2655 832 2719 rabiem
852 2658 917 2719 fide
936 2655 1102 2718 inmanem
1121 2654 1157 2718 in
1176 2657 1245 2719 foro
1265 2656 1408 2718 excitant
1424 2676 1549 2738 rogum,

396 2775 465 2828 tum
480 2765 618 2846 desuper
632 2784 665 2825 se
680 2784 817 2845 suosque
833 2784 907 2825 cum
922 2761 1072 2825 omnibus
1094 2761 1208 2845 opibus
1230 2760 1296 2825 suis
1318 2761 1401 2824 ferro
1423 2771 1455 2823 et
1476 2759 1552 2843 igne

355 2877 382 2928 21)
397 2878 614 2952 corrumpunt.
640 2866 738 2930 huius
755 2877 863 2929 tautae
879 2867 979 2931 eladis
995 2878 1105 2931 auctor
1119 2868 1264 2931 Annibal
1278 2867 1431 2952 poscitur.
1457 2865 1551 2949 tergi·

397 2974 599 3039 uersantibus
615 2972 733 3037 Poenis
749 2974 816 3036 dux
830 2973 1002 3056 legationis
1021 2966 1125 3056 ‘quae'
1141 2974 1249 3057 inquit
1266 2967 1370 3038 ‘mora
1385 2965 1470 3036 esti’
1493 2975 1552 3036 Fa·

396 3081 465 3145 bius
483 3075 533 3143 ‘in
555 3080 616 3141 hoc
638 3101 697 3162 ego
719 3077 793 3142 sinu
807 3078 930 3141 bellum
944 3102 1120 3162 pacemque
1131 3090 1241 3163 porto;
1268 3090 1379 3143 utrum
1393 3070 1552 3162 eligitis?

398 3184 668 3251 succlamantibus
694 3176 873 3247 ‘belluml'
901 3179 1044 3248 ‘bellum
1064 3178 1173 3268 igitur’
1200 3185 1307 3268 inquit
1325 3176 1498 3268 ‘accipite.'
1522 3195 1553 3247 et

399 3314 530 3356 excusso
552 3290 588 3353 in
607 3288 715 3353 media
735 3288 823 3352 curia
846 3301 938 3372 togae
962 3290 1084 3373 gremio
1105 3313 1171 3354 non
1195 3291 1264 3355 sine
1286 3291 1434 3365 horrore,
1463 3288 1553 3372 quasi

361 3398 491 3481 aplane
507 3397 581 3461 sinu
596 3396 719 3459 bellum
734 3396 841 3472 ferret,
859 3396 983 3459 effudit.

483 3501 607 3567 Similis
623 3500 729 3565 exitus
743 3501 822 3564 belli
837 3501 939 3565 initiis
954 3501 1028 3564 fuit.
1053 3524 1130 3565 nam
1152 3501 1244 3584 quasi
1266 3502 1324 3564 has
1347 3489 1477 3563 inferias
1492 3499 1554 3562 sibi

400 3608 654 3695 Saguntinorum
669 3605 802 3669 ultimae
817 3606 904 3669 dirae
926 3606 961 3668 in
982 3606 1040 3670 illo
1061 3606 1191 3690 publico
1206 3606 1375 3689 parricidio
1390 3605 1553 3667 incendio·

403 3738 461 3799 que
476 3715 706 3788 mandassent,
723 3712 769 3775 ita
783 3712 933 3775 manibus
949 3732 1060 3775 eorum
1075 3711 1256 3774 uastatione
1272 3711 1400 3787 Italiae,
1417 3710 1553 3793 captiui-

401 3832 462 3885 tate
485 3820 634 3893 Africae,
663 3820 782 3881 ducum
805 3828 836 3881 et
860 3840 973 3901 regum
989 3817 1045 3900 qui
1059 3817 1092 3879 id
1106 3839 1231 3900 gessere
1245 3816 1369 3880 bellum
1384 3816 1483 3880 exitio
1498 3840 1554 3900 pa·

363 3926 386 3981 3⁰
401 3937 562 3992 tentatum
577 3935 637 3988 est.
662 3923 762 4008 igitur
775 3923 833 3987 ubi
848 3922 946 3987 semel
962 3945 995 3986 se
1008 3923 1044 3985 in
1058 3922 1222 4005 Hispania
1241 3923 1345 3986 mouit
1367 3922 1425 3986 illa
1446 3923 1555 4006 grauis

401 4115 415 4164 2
426 4113 545 4183 primum
558 4117 650 4164 autem
662 4109 819 4180 punicuml
837 4108 846 4178 11
867 4126 947 4179 quam
961 4109 1071 4162 triennii
1080 4121 1113 4173 Β,
1128 4110 1336 4180 quadriennium
1348 4123 1364 4163 1
1381 4110 1390 4180 11
1411 4112 1426 4161 3
1439 4107 1555 4177 amplius

400 4214 478 4267 quam
490 4207 584 4251 xv1111
595 4206 621 4247 N
631 4194 640 4264 11
653 4199 669 4247 4
681 4193 809 4247 terribilis
826 4192 870 4257 1²¹,
891 4192 1011 4246 terribile
1023 4193 1053 4245 11'
1065 4194 1074 4263 11
1088 4198 1103 4245 5
1116 4194 1182 4247 'uito
1193 4208 1218 4248 N
1229 4196 1238 4266 11
1252 4200 1268 4249 6
1280 4196 1327 4248 ille
1344 4212 1386 4247 om
1402 4206 1428 4247 N
1438 4194 1447 4264 1
1460 4193 1556 4246 uberat

400 4282 441 4352 111
454 4282 579 4335 ablatum
591 4296 664 4332 mare
677 4279 748 4350 111111
763 4283 776 4330 ’1
790 4278 819 4331 in
832 4277 963 4331 ultionem
975 4290 1001 4331 N
1011 4279 1020 4348 11
1033 4282 1049 4331 8
1061 4278 1191 4332 hannibal
1205 4292 1231 4332 N
1245 4297 1347 4349 seraper
1366 4280 1375 4350 11
1393 4278 1464 4349 patri
1481 4276 1525 4345 111
1538 4280 1554 4329 9

401 4382 480 4420 eausa
490 4365 567 4435 111111
581 4364 685 4417 delecta
696 4371 738 4417 est
756 4381 788 4417 us
804 4362 944 4433 hispaniae
962 4374 988 4415 N
998 4362 1006 4431 11
1023 4365 1051 4415 11
1073 4372 1280 4418 monumentum
1291 4377 1317 4418 N
1334 4365 1343 4433 11
1362 4362 1487 4417 libertate
1498 4375 1524 4416 N
1534 4363 1543 4433 11

401 4457 515 4521 excepta
525 4462 545 4503 Β
558 4449 567 4519 11
584 4452 613 4501 12
626 4464 736 4502 suorum
747 4460 783 4501 ΒΙ
793 4448 802 4518 11
818 4451 847 4500 13
862 4448 945 4501 uertit
956 4460 975 4499 Β
988 4448 997 4516 1
1013 4450 1043 4500 16
1056 4446 1206 4517 legitimmo
1217 4461 1242 4501 N
1253 4450 1262 4518 11
1276 4448 1368 4517 quaeri
1386 4460 1405 4500 Β
1418 4449 1427 4518 11
1449 4452 1479 4500 17
1489 4453 1556 4517 pato

401 4535 514 4589 malunt.
531 4533 677 4603 Saguntini
689 4533 796 4586 interim
810 4533 818 4603 11
835 4536 864 4585 18
878 4532 1014 4585 inmanem
1025 4531 1084 4585 foro
1097 4545 1112 4585 Ι
1123 4532 1131 4602 11
1147 4538 1177 4585 19
1191 4534 1248 4603 igni
1261 4534 1318 4604 11111
1331 4536 1362 4585 21
1377 4539 1403 4586 et
1415 4537 1446 4585 23
1461 4532 1557 4603 inquid

400 4618 465 4689 Β111
479 4622 509 4671 21
526 4619 584 4671 dux
596 4617 740 4687 legationis
752 4622 801 4669 aut
814 4617 914 4669 Fabius
926 4617 1063 4669 delendum
1076 4618 1085 4687 11
1098 4621 1131 4671 26
1144 4618 1222 4671 initio
1235 4630 1259 4669 N
1269 4619 1278 4689 11
1292 4621 1324 4670 29
1338 4618 1404 4688 quid
1416 4619 1476 4682 11'N,
1491 4619 1557 4689 quid

401 4702 427 4755 id
437 4704 465 4762 1²¹
478 4708 488 4774 11
501 4720 606 4757 cessere
616 4715 636 4756 Β
649 4703 657 4772 11
673 4707 704 4756 30
717 4701 877 4771 Hispaniam
888 4700 942 4772 Β11

1349 4804 1362 4819 n
1371 4790 1388 4819 ὓ
