3809 5534
919 608 1003 652 ..ΝΗ
1019 609 1117 654 raom

653 793 829 856 XXXIII.
855 793 1038 857 BELLVM
1055 791 1385 858 NVMANTINVM.

295 1057 300 1064 -
334 1040 375 1094 rr,
392 1022 429 1083 17
443 1017 488 1080 Vt
510 1014 740 1098 Carthaginem
769 1013 959 1090 Corinthos,
990 1014 1035 1077 ita
1056 1015 1250 1078 Corinthum
1278 1011 1459 1077 Numantia
1489 1022 1605 1074 secuta

443 1132 510 1196 est;
535 1143 595 1183 nec
617 1120 732 1184 deinde
755 1121 830 1184 orbe
855 1130 924 1184 toto
946 1121 1117 1204 quicquam
1140 1120 1298 1182 intactum
1313 1118 1410 1181 armis
1425 1117 1502 1181 fuit.
1529 1127 1604 1200 post

442 1226 499 1289 illa
514 1228 578 1289 duo
592 1226 769 1289 clarissima
782 1226 912 1289 urbium
927 1226 1077 1289 incendia
1091 1227 1155 1289 late
1178 1237 1273 1308 atque
1295 1224 1435 1308 passim,
1460 1246 1525 1286 nec
1547 1245 1605 1306 per

442 1332 540 1408 uiceS,
558 1334 614 1394 sed
629 1326 728 1395 simul
740 1331 860 1413 pariter
866 1332 959 1414 quasi
975 1354 1078 1395 unum
1084 1332 1226 1414 undique
1233 1329 1356 1392 bellum
1370 1328 1434 1392 fuit
1442 1354 1452 1405 3
1470 1349 1606 1411 prorsus
1623 1321 1645 1388 δ’

441 1450 478 1501 ut
493 1438 623 1500 fauillae
639 1436 730 1521 quasi
751 1436 950 1520 agitantibus
974 1437 1080 1500 uentis
1104 1436 1268 1500 diffudisse
1283 1436 1441 1518 quaedam
1455 1433 1540 1497 belli
1555 1432 1604 1497 in-

439 1544 553 1607 cendia
567 1545 643 1607 orbe
657 1555 726 1607 toto
741 1544 942 1606 uiderentur.

524 1649 703 1732 Hispaniae
718 1671 897 1732 numquam
919 1648 1046 1712 animus
1068 1648 1131 1710 fuit
1154 1650 1325 1711 aduersum
1344 1669 1404 1710 nos
1425 1647 1605 1709 uniuersae

438 1778 649 1838 consurgere,
667 1776 844 1836 numquam
859 1754 1001 1817 conferre
1016 1754 1100 1817 uires
1117 1776 1191 1817 suas
1206 1753 1320 1828 libuit,
1344 1774 1450 1835 neque
1466 1762 1527 1815 aut
1543 1751 1605 1832 im7

437 1861 563 1944 perium
579 1859 716 1942 experiri
732 1870 788 1921 aut
803 1860 985 1923 libertatem
1000 1860 1083 1923 tueri
1105 1882 1198 1922 suam
1219 1858 1357 1942 publice.
1383 1856 1534 1941 alioquin
1557 1858 1605 1920 ita
1625 1867 1653 1916 10

438 1966 582 2047 undique
596 1964 677 2027 mari
694 1967 921 2048 Pyrenaeoque
943 1965 1065 2027 uallata
1088 1975 1137 2027 est
1165 1975 1203 2042 ut
1217 1963 1348 2047 ingenio
1364 1964 1445 2027 situs
1460 1985 1505 2027 ne
1522 1962 1605 2026 adiri

438 2072 568 2155 quidem
584 2072 735 2154 potuerit.
761 2073 818 2134 sed
832 2081 906 2133 ante
929 2092 948 2131 a
970 2069 1125 2132 Romanis
1147 2070 1275 2132 obsessa
1296 2081 1345 2133 est
1364 2091 1464 2152 quam
1480 2092 1516 2132 se
1532 2069 1604 2152 ipsa

438 2187 660 2261 cognosceret,
686 2188 718 2238 et
740 2176 808 2239 sola
823 2175 969 2237 omnium
982 2174 1221 2257 prouinciarum
1236 2175 1320 2238 uires
1336 2198 1410 2239 suas
1426 2185 1603 2258 postquam

438 2284 526 2346 uicta
540 2294 589 2345 est
604 2281 776 2345 intellexit.
801 2280 836 2342 in
852 2281 913 2343 hac
928 2301 1026 2363 prope
1042 2282 1196 2343 ducentos
1212 2302 1269 2362 per
1283 2303 1384 2344 annos
1408 2281 1603 2344 dimicatum

437 2401 485 2451 est
501 2411 520 2450 a
534 2387 646 2472 primis
663 2386 866 2468 Scipionibus
889 2386 924 2449 in
945 2386 1087 2468 primum
1108 2388 1279 2450 Caesarem
1300 2388 1509 2469 Augustum,
1535 2398 1663 2449 non15.

437 2493 592 2556 continuo
607 2514 667 2556 nec
690 2492 913 2568 cohaerenter,
946 2493 1003 2555 sed
1024 2503 1120 2574 prout
1143 2514 1257 2555 causae
1280 2492 1507 2567 lacessierant,
1542 2513 1601 2553 nec

438 2622 512 2663 cum
528 2597 685 2681 Hispanis
701 2597 813 2673 initio,
839 2600 895 2660 sed
917 2619 992 2660 cum
1016 2598 1133 2661 Poenis
1148 2598 1183 2658 in
1199 2597 1372 2679 Hispania.
1397 2597 1474 2661 inde
1490 2608 1602 2660 conta-

438 2706 529 2789 gium
545 2726 674 2787 serpens
690 2725 867 2785 causaeque
881 2703 1052 2766 bellorum.
1321 2786 1325 2794 Ι

526 2810 637 2873 Prima
662 2831 720 2890 per
746 2811 949 2890 Pyrenaeum
975 2809 1088 2892 iugum
1115 2810 1208 2892 signa
1236 2811 1385 2871 Romana
1406 2809 1548 2873 Publius
1570 2821 1601 2873 et

439 2920 553 2991 Gneus
577 2913 743 2995 Scipiones
764 2912 945 2975 intulerunt
967 2915 1159 2997 proeliisque
1175 2913 1361 2997 ingentibus
1376 2917 1555 2978 Annonem
1569 2924 1600 2978 et
1616 2926 1646 2976 20

439 3019 680 3084 Hasdrubalem
691 3018 804 3079 fratres
816 3018 988 3081 Annibalis
1000 3020 1201 3095 ceciderunt3
1219 3030 1373 3101 raptaque
1390 3030 1459 3082 erat
1474 3020 1598 3103 impetu

439 3124 614 3208 Hispania,
631 3123 696 3185 nisi
711 3122 878 3186 fortissimi
892 3123 956 3185 uiri
970 3124 1006 3186 in
1017 3125 1088 3207 ipsa
1099 3125 1235 3187 uictoria
1246 3146 1305 3188 sua
1316 3124 1461 3207 oppressi
1474 3124 1597 3188 Punica

437 3232 549 3293 fraude
564 3228 772 3303 cecidissent,
800 3238 885 3291 terra
907 3229 1051 3312 marique
1067 3230 1215 3293 uictores.
1241 3230 1341 3313 igitur
1363 3230 1457 3313 quasi
1478 3251 1596 3293 nouam

437 3337 660 3419 integramque
681 3333 882 3415 prouinciam
902 3336 989 3397 ultor
1008 3336 1109 3418 patris
1132 3345 1165 3397 et
1184 3336 1293 3417 patrui
1314 3336 1423 3418 Scipio
1445 3336 1502 3398 ille
1522 3355 1596 3398 mox

437 3441 610 3504 Africanus
625 3438 766 3514 inuasit,
788 3438 878 3522 isque
900 3440 1011 3503 statim
1031 3452 1125 3523 capta
1140 3441 1337 3523 Carthagine
1361 3451 1394 3503 et
1416 3440 1490 3505 aliis
1511 3440 1593 3504 urbi·
1610 3449 1632 3498 15

437 3550 511 3624 bus,
528 3569 595 3610 non
610 3555 782 3610 contentus
799 3545 924 3608 Poenos
939 3546 1120 3629 expulisse,
1145 3545 1387 3627 stipendiariam
1409 3546 1504 3610 nobis
1527 3569 1594 3630 pro·

439 3654 581 3716 uinciam
596 3651 689 3727 fecit,
718 3671 828 3713 omnes
849 3650 929 3714 citra
943 3653 1091 3734 ultraque
1107 3651 1272 3736 Hiberum
1290 3651 1428 3715 subiecit
1449 3651 1593 3735 imperio,

438 3758 624 3840 primusque
645 3759 866 3819 Romanorum
889 3758 1009 3819 ducum
1031 3756 1135 3819 uictor
1154 3759 1195 3820 ad
1216 3758 1324 3821 Gades
1345 3767 1377 3820 et
1399 3757 1525 3821 Oceani
1545 3778 1596 3820 ora

440 3862 599 3946 peruenit.
624 3862 697 3944 plus
714 3871 762 3924 est
776 3861 975 3944 prouinciam
997 3861 1134 3926 retinere
1156 3866 1254 3945 quam
1276 3862 1390 3926 facere.
1417 3863 1528 3949 itaque
1542 3885 1596 3947 per

400 4203 403 4209 .
445 4169 525 4217 tans
550 4178 582 4218 nr
607 4178 756 4220 erasmum
780 4180 886 4220 unsrun
917 4180 949 4231 a,
988 4181 1041 4221 aas
1066 4180 1100 4221 ΙΝ
1127 4181 1266 4223 memma
1290 4183 1397 4223 onsrsn
1422 4182 1448 4223 N
1476 4169 1485 4240 11
1516 4173 1595 4223 200·

441 4249 549 4302 rinthus
567 4262 586 4301 B
605 4250 650 4319 114
675 4250 881 4304 clarissimarum
905 4252 1105 4305 Freinshemius
1126 4254 1135 4323 11
1155 4254 1300 4307 dfauillae
1324 4254 1436 4324 smper:
1467 4255 1514 4309 ille
1531 4253 1593 4322 BNfl

442 4333 645 4404 diffudissetbll
660 4339 673 4386 7
688 4335 1109 4406 uideretuerlsshisspaniaen
1123 4337 1429 4409 ll9imperiumririNll
1446 4341 1474 4391 11
1488 4337 1591 4407 110ch

445 4421 474 4470 12
488 4425 567 4471 antea
577 4431 603 4472 N
613 4419 622 4489 11
638 4423 668 4474 16
682 4420 809 4472 continue
820 4421 865 4491 Ν11
882 4424 911 4473 17
925 4421 1064 4492 hisspania
1082 4433 1102 4474 B
1121 4423 1129 4491 11
1151 4424 1307 4492 contagium
1326 4441 1437 4494 serpens
1452 4424 1594 4476 Mammas·

441 4501 517 4553 nius:
536 4505 692 4573 contagium
705 4505 740 4557 ad
752 4504 832 4557 series
844 4517 872 4569 B,
888 4506 1014 4575 contagio
1027 4514 1055 4559 et
1066 4507 1148 4559 series
1159 4520 1184 4560 N
1195 4508 1204 4577 11
1232 4511 1262 4559 ts
1281 4505 1415 4577 causaque
1426 4521 1451 4561 Ν
1462 4509 1472 4580 11
1486 4512 1519 4561 20
1531 4508 1593 4560 han·

441 4602 540 4639 nonem
551 4600 574 4639 Ν
587 4589 595 4657 11
609 4592 638 4641 21
654 4591 763 4661 fratrem
775 4602 800 4642 N
811 4590 820 4659 11
833 4589 952 4642 annibali
964 4603 984 4642 Ν
996 4592 1005 4659 11
1021 4595 1051 4643 22
1065 4592 1215 4661 hispaniam
1229 4593 1251 4645 si
1263 4606 1282 4644 Ν
1295 4594 1304 4662 11
1317 4611 1367 4646 sua
1378 4594 1495 4649 uictoria
1504 4607 1530 4647 N
1540 4595 1549 4665 11
1562 4597 1592 4647 25

442 4668 538 4740 hisque
548 4685 567 4724 Ν
580 4673 589 4741 11
603 4681 725 4743 captaaa
744 4676 747 4744 1
762 4678 794 4727 26
807 4676 901 4747 poenis
915 4671 1064 4745 expulisset
1075 4688 1094 4730 Β
1107 4677 1116 4746 11
1129 4680 1161 4729 27
1176 4695 1282 4732 omnem
1294 4692 1320 4733 N
1330 4680 1339 4750 11
1351 4680 1468 4734 liberum
1482 4681 1497 4733 b
1510 4682 1520 4751 11
