3809 5534
777 590 972 639 ruarmo.
1337 584 1458 644 XVIIII

292 750 430 823 utroque
443 736 554 804 eodioe
567 737 730 823 antiquior
744 746 916 822 utrimque
938 739 1119 823 occupauit.
1154 740 1269 805 hor-nm
1288 763 1457 810 recensum

292 848 441 929 exemplo
464 844 586 927 insigni
610 844 760 927 aperiam.
799 866 821 927 p
843 851 895 920 2⁰,
917 852 952 909 17
976 844 1011 908 in
1026 848 1112 909 BlN
1128 846 1246 928 legitur
1276 847 1347 930 ioan
1362 860 1459 932 caput

290 951 419 1016 urbium
447 971 568 1032 capua,
599 950 757 1033 quondam
785 949 871 1016 inter
893 957 955 1014 tneo
977 949 1134 1013 maximae
1155 971 1278 1016 romum
1298 954 1458 1039 contioni·

290 1076 423 1139 nemque
436 1047 635 1120 numeratn’.
653 1055 700 1119 ita
714 1054 877 1118 neminem
888 1054 976 1135 loqui
987 1075 1091 1135 posse,
1103 1056 1158 1119 sed
1173 1055 1346 1124 dicendum
1360 1058 1459 1123 fnisse

291 1182 363 1225 oum
378 1162 485 1225 Roma
497 1159 750 1243 Oortioqinaqua
765 1169 832 1224 tam
846 1169 1060 1241 apertumest,
1077 1181 1174 1240 qnam
1189 1161 1254 1224 <luo
1269 1160 1348 1225 haee
1364 1184 1458 1228 uoca-

291 1266 371 1332 bula
385 1266 525 1329 Romam
543 1263 829 1348 Curtiayinomquo
845 1266 884 1327 ab
900 1264 1007 1345 aliquo
1022 1264 1182 1347 adscripta
1197 1288 1266 1329 esso
1281 1267 1337 1348 qui
1350 1268 1457 1332 breui·

292 1380 342 1434 ter
356 1368 499 1438 indicare
520 1369 675 1445 uoluerit,
694 1390 850 1451 quasnam
864 1369 959 1434 urbes
975 1368 1088 1431 Florus
1103 1368 1309 1433 intellexerit.
1334 1374 1390 1435 sed
1411 1395 1459 1438 ar·

293 1474 390 1538 rarrit.
427 1474 541 1538 Florus
563 1473 651 1537 enim
672 1475 711 1536 de
732 1475 838 1544 Roma
861 1495 926 1537 non
940 1473 1097 1555 cogitauit
1116 1484 1149 1535 et
1170 1483 1232 1536 tres
1254 1487 1379 1556 praeter
1393 1479 1459 1541 Ro·

292 1600 382 1644 mam
388 1578 543 1647 maximas
552 1579 647 1644 urbes
661 1577 730 1660 ipse
745 1584 826 1662 pse,
839 1583 856 1639 9
877 1578 1108 1660 Carthaginem
1114 1579 1258 1661 Capuam
1265 1580 1458 1645 Corinthum

293 1683 460 1759 nominat,
478 1682 664 1748 Cineronem
680 1683 768 1746 hand
783 1682 880 1746 dubie
895 1693 1042 1759 secutus,
1060 1681 1116 1765 qui
1130 1684 1170 1746 de
1184 1683 1255 1765 lage
1270 1684 1394 1768 warin
1408 1688 1458 1763 ΙΙ,

297 1794 349 1864 32,
369 1794 407 1850 87
422 1781 570 1852 ‘maiores
585 1780 704 1853 noatri'
728 1787 794 1863 ait,
815 1779 893 1851 ‘tres
914 1787 1019 1852 solnm
1037 1787 1130 1852 urias
1152 1786 1187 1852 in
1210 1788 1304 1853 ternis
1319 1790 1460 1855 omnibus
1576 1864 1580 1871 ,

297 1891 528 1977 Onrtinqinam
546 1893 732 1958 Corinthum
757 1894 903 1974 Capuam
924 1899 1107 1956 statuerunt
1119 1914 1215 1974 possa
1237 1893 1367 1976 imperii
1383 1918 1460 1981 qra-

293 1995 429 2062 uitotem
441 2018 601 2063 nonomen
616 1991 797 2068 sustinere'.
1454 2065 1456 2070 .

294 2106 388 2184 p23,
414 2107 462 2172 26·
480 2100 516 2170 in
542 2108 628 2168 BIN
647 2113 696 2170 est
722 2096 792 2166 ‘neo
813 2122 888 2164 uero
912 2109 1035 2165 tuntum
1055 2100 1155 2167 armis
1177 2111 1209 2166 ot
1227 2100 1262 2169 in
1283 2125 1394 2186 eampo
1415 2116 1463 2170 aet

296 2203 438 2269 consiliii
453 2227 574 2289 quoquo
588 2216 619 2271 et
632 2206 719 2274 domi
732 2205 820 2276 intro
835 2207 942 2269 urbem
958 2227 1028 2272 oum
1042 2226 1114 2291 rene
1128 2207 1258 2291 Pyrrho
1274 2207 1461 2274 dimicatum
1519 2229 1523 2239 ‘

294 2302 369 2375 eat'.
387 2310 441 2376 hic
455 2312 555 2377 uerba
569 2311 772 2378 intrnurbom
784 2332 850 2374 non
861 2311 967 2381 solum
977 2332 1105 2393 prorsus
1119 2332 1357 2394 superuacanea
1371 2324 1459 2391 sunt,

296 2417 354 2479 sed
362 2416 533 2480 uerborum
540 2418 709 2494 ambitum,
726 2416 773 2481 ita
787 2416 975 2480 conclusum
986 2426 1024 2479 ut
1035 2415 1141 2479 uerbis
1153 2417 1254 2482 armis
1265 2426 1297 2482 ot
1306 2417 1340 2481 in
1351 2440 1461 2502 eampo

296 2542 364 2584 non
379 2520 442 2583 nisi
462 2521 543 2584 haee
564 2520 628 2583 duo
649 2520 789 2586 consiliio
810 2529 841 2584 et
860 2520 946 2584 domi
964 2523 1154 2602 respondere
1177 2532 1318 2602 queant,
1346 2524 1461 2589 misera

297 2627 440 2690 turbant.
464 2626 572 2709 itaqua
587 2647 654 2689 non
669 2615 804 2689 dubium
818 2636 867 2690 est
882 2626 961 2707 quin
975 2625 1219 2692 Dukerusrects
1230 2625 1461 2706 suspicatuasit

296 2730 385 2796 intro
400 2731 507 2795 urbem
522 2730 744 2813 explicationis
759 2730 863 2813 gratia
877 2731 976 2795 uerbo
993 2730 1080 2795 domi
1096 2729 1233 2812 ascripta
1248 2750 1328 2793 essa.

296 2842 388 2919 p49,
415 2842 454 2899 22
476 2841 562 2899 BIN
579 2835 627 2898 ita
650 2836 764 2917 legunt
782 2827 836 2898 ‘ne
858 2842 942 2899 metu
965 2836 1072 2900 ablato
1094 2835 1237 2898 aemulae
1258 2835 1347 2898 urbis
1370 2836 1461 2901 inuu-

295 2940 537 3025 niorifeiioitas
552 2940 640 3006 urbia
656 2932 834 3021 inciperet.
851 2962 949 3021 quam
961 2943 1094 3004 moleste
1109 2939 1197 3022 priua
1213 2940 1295 3003 illud
1309 2941 1397 3004 urbis
1413 2942 1462 3004 in·

296 3048 461 3110 auleatum
476 3045 536 3121 sit,
560 3046 646 3129 quod
669 3046 709 3107 ad
724 3044 949 3126 explicandum
965 3045 1159 3110 uocabulum
1174 3045 1317 3108 aemulae
1337 3058 1463 3128 praeter

297 3174 427 3221 omnem
441 3150 666 3215 necessitatem
682 3149 827 3213 additum
843 3160 909 3226 est,
926 3160 1011 3214 reete
1027 3148 1128 3213 sensit
1143 3148 1396 3214 Freinshemius.

295 3280 317 3342 p
336 3264 374 3327 55
377 3304 388 3334 ,
408 3265 443 3320 11
462 3257 548 3339 quod
561 3256 596 3319 in
611 3260 678 3318 BN
689 3254 810 3337 legitur
819 3247 976 3338 ‘quodque
989 3275 1078 3318 nemo
1093 3253 1238 3317 uisurum
1259 3276 1292 3317 oa
1312 3276 1463 3339 umquam

294 3370 486 3445 sperauerat
495 3362 639 3445 foetum,
657 3367 694 3421 ut
704 3359 870 3443 fuqiontes
891 3357 1108 3424 Numantinos
1130 3356 1297 3441 quiequam
1317 3354 1463 3425 uidmat'

296 3467 368 3530 sine
394 3467 493 3530 dubio
518 3464 748 3547 interpolatum
774 3473 833 3526 est.
872 3462 938 3527 iam
963 3465 1103 3547 primum
1133 3464 1269 3528 uerbum
1294 3464 1462 3547 quiequam

295 3593 426 3654 prorsus
440 3571 549 3654 inepte
571 3569 713 3655 positum
733 3578 765 3631 et
787 3569 828 3632 ab
850 3568 957 3652 aliquo
978 3570 1124 3633 additum
1145 3578 1195 3631 est
1223 3567 1279 3650 qui
1300 3588 1341 3629 ex
1364 3569 1462 3631 uerbo

295 3698 385 3740 naono
406 3675 566 3759 inpriore
596 3672 763 3738 enuntiato
783 3674 887 3756 posito
909 3695 1086 3757 pronomen
1107 3672 1346 3735 adfirmatiuum
1367 3675 1461 3737 adsu-

294 3802 383 3844 mere
397 3781 570 3844 nesciebat.
606 3781 663 3843 sod
683 3778 765 3841 illud
787 3800 912 3861 quoque
932 3799 1089 3861 perquam
1109 3778 1244 3841 moleste
1266 3776 1390 3841 dietum
1412 3790 1462 3844 est

290 3880 394 3969 ‘quod
413 3908 501 3950 nuno
522 3886 668 3949 uisurum
689 3905 722 3945 aa
736 3892 925 3966 sperauerat
941 3883 1092 3967 fuctum,
1121 3891 1158 3947 ut
1172 3874 1323 3949 uideret'.
1351 3883 1461 3968 itaque

294 3993 390 4055 oredo
406 3991 504 4054 etiam
519 3991 617 4054 uerba
631 3988 776 4054 uisurum
787 4010 821 4052 aa
835 3987 1017 4071 explicandi
1032 4009 1128 4054 causa
1142 3988 1302 4070 adscripta
1316 4010 1397 4065 esse,
1414 4001 1461 4053 to·

295 4109 431 4179 tumque
446 4097 553 4172 locum
568 4096 614 4158 ita
634 4093 699 4176 legi
714 4114 808 4174 posse
827 4086 986 4176 ‘quodque
1007 4114 1095 4156 nomo
1110 4115 1261 4180 nmquam
1275 4104 1464 4180 sperauerat

287 4204 439 4285 foetum,
458 4210 495 4265 ut
499 4199 666 4285 fugientes
681 4196 898 4264 Numantinos
914 4191 1064 4265 uiderat'.

295 4314 377 4389 p73,
389 4314 427 4384 21
445 4306 582 4369 uerbum
596 4301 736 4379 sustulit,
756 4303 841 4385 quod
855 4309 921 4369 BN
932 4302 1065 4379 habent,
1082 4302 1157 4379 ferni
1171 4325 1237 4366 non
1251 4310 1366 4384 potest.
1384 4322 1462 4368 nam

297 4434 369 4491 oum
384 4414 428 4488 ad
443 4413 543 4474 uerba
554 4405 783 4494 ‘quadnoqinto
798 4406 922 4478 milium
931 4401 1215 4490 propuquantium'
1238 4428 1278 4468 ex
1300 4407 1461 4485 sequenti-

285 4517 355 4590 'bus
370 4518 471 4581 uerba
487 4515 647 4580 iuuentute
662 4511 830 4577 subnixam
844 4512 1022 4576 necessario
1038 4514 1235 4575 adsumenda
1256 4510 1341 4585 sint,
1365 4510 1399 4574 id
1415 4522 1462 4578 ta·

300 4642 369 4694 men
388 4623 489 4687 uerbo
516 4620 646 4686 sustulit
670 4619 716 4681 ita
741 4626 778 4678 ut
804 4615 927 4679 factum
952 4627 1002 4680 est
1027 4614 1215 4698 interposito
1241 4615 1311 4679 fieri
1336 4618 1459 4701 nequit.

1250 4715 1301 4769 ΙΙ*
