3809 5534
779 1690 1125 1775 PRAEFATIO.

364 2028 459 2095 Quod
489 2028 604 2091 Florus
626 2051 645 2091 a
667 2049 718 2091 me
749 2027 854 2091 editur
876 2026 971 2108 longe
993 2036 1138 2089 mutatus
1161 2017 1201 2088 ab
1232 2026 1289 2089 illo
1307 2027 1410 2108 qualis
1432 2028 1532 2111 uulgo

363 2131 549 2215 legebatur,
577 2134 612 2198 id
637 2135 785 2198 fortunae
815 2134 954 2216 quodam
976 2154 1054 2195 casu
1079 2143 1112 2195 et
1138 2132 1333 2215 optimomm
1358 2133 1533 2197 amicorum

363 2238 473 2301 fauore
495 2240 646 2303 effectum
666 2251 725 2305 est.
757 2240 918 2323 equidem,
942 2238 1033 2321 quia
1054 2238 1264 2302 Lachmauno
1285 2238 1362 2302 olim
1388 2240 1532 2305 monitus

365 2344 519 2407 memoria
534 2348 684 2409 tenebam
706 2346 741 2409 in
761 2345 959 2409 bibliotheca
986 2345 1217 2427 Bambergensi
1244 2345 1386 2409 codicem
1413 2348 1533 2411 semari

366 2449 456 2513 cuius
473 2473 533 2534 ope
549 2452 662 2515 Florus
679 2452 849 2536 insigniter
864 2450 1029 2514 emendari
1043 2462 1169 2533 posset,
1187 2474 1260 2514 cum
1275 2454 1439 2534 praeteriti
1455 2454 1532 2516 anni

368 2566 486 2619 aestate
508 2556 635 2621 itineris
658 2557 853 2640 suscipiendi
874 2556 1046 2621 consilium
1072 2556 1248 2639 agitarem,
1276 2557 1363 2618 hunc
1390 2558 1533 2622 codicem

369 2662 544 2725 accuratius
561 2663 744 2727 examinare
759 2685 998 2747 proposueram.
1037 2665 1093 2727 sed
1112 2672 1284 2746 postquam
1303 2685 1435 2740 causae,
1453 2685 1534 2747 quae

370 2778 457 2830 extra
480 2791 530 2831 me
557 2769 680 2852 positae
706 2780 816 2845 erant,
842 2780 918 2832 tunc
945 2768 1076 2851 quidem
1101 2768 1162 2832 iter
1183 2768 1266 2833 illud
1287 2770 1532 2852 prohibuerunt,

337 2921 348 2938 ,
370 2895 495 2937 omnem
516 2876 556 2938 de
577 2876 672 2939 Floro
694 2876 923 2959 cogitationem
945 2875 1089 2958 deposui.
1123 2896 1195 2938 ecce
1217 2887 1381 2939 conuentu
1395 2877 1532 2959 philolo·

369 3000 480 3062 gorum
511 2981 706 3065 Erlangensi
732 2982 879 3046 absoluto
906 2982 1040 3045 Carolus
1074 2981 1227 3045 Halmius
1261 2980 1379 3045 amicos
1405 2982 1534 3048 uisurus

370 3085 512 3168 Lipsiam
525 3087 628 3151 uenit.
647 3087 731 3151 inter
746 3087 853 3151 uarios
869 3089 908 3151 de
924 3089 1019 3152 rebus
1040 3079 1158 3151 nostris
1170 3110 1331 3151 sermones
1347 3110 1422 3152 cunr
1438 3090 1536 3154 etiam

370 3191 580 3256 bibliothecae
589 3192 836 3277 Bambergensis
845 3193 1102 3257 meminissemus
1110 3202 1143 3257 et
1151 3215 1210 3276 ego
1219 3195 1258 3256 de
1273 3194 1382 3258 codice
1397 3199 1536 3278 quodam

372 3297 459 3361 Sexti
468 3300 547 3361 Rufi
556 3298 938 3383 antiquoquaesiuissem,
957 3298 1011 3362 ille
1023 3293 1125 3362 ‘hunc
1134 3292 1274 3382 quidem'.
1289 3300 1334 3363 ait
1345 3295 1536 3367 ‘monstrare

372 3403 428 3467 tibi
442 3426 596 3487 possum,
623 3427 701 3468 nam
722 3427 850 3469 mecum
872 3396 1059 3488 asportaui.'
1092 3406 1202 3488 paullo
1217 3417 1290 3489 post
1306 3407 1393 3470 Flori
1408 3427 1534 3489 quoque

372 3511 565 3575 mentionem
590 3511 698 3575 inieci.
736 3523 807 3576 tum
833 3533 911 3574 uero
935 3511 991 3576 ille
1021 3510 1129 3575 ridens
1151 3506 1263 3574 ‘etiam
1287 3512 1385 3574 huius
1407 3504 1535 3576 codicis'

374 3615 474 3700 inquit
492 3611 694 3681 ‘facultatem
709 3617 769 3680 tibi
784 3610 965 3700 praebebo²,
989 3628 1020 3681 et
1043 3628 1081 3680 ut
1102 3617 1157 3679 ille
1178 3618 1264 3699 apud
1280 3616 1537 3684 Schlemiliume

374 3726 480 3805 perula
506 3735 678 3807 utrumque
699 3724 819 3786 librum
841 3746 860 3786 a
881 3745 933 3786 me
956 3733 1103 3806 optatum
1131 3743 1198 3785 uno
1225 3723 1347 3787 scilicet
1369 3725 1536 3789 uolumine

374 3830 626 3912 conprehensum
649 3828 732 3892 mihi
758 3828 899 3892 tradidit.
939 3851 1015 3892 cum
1047 3827 1189 3893 codicem
1221 3829 1324 3893 obiter
1353 3831 1537 3915 inspectum

374 3934 503 3998 Halmio
525 3937 708 4012 redderem,
733 3935 788 3999 ille
810 3935 1001 3998 amicissime
1024 3956 1044 3997 a
1058 3956 1109 3998 me
1124 3934 1219 4018 petiit
1239 3936 1357 4000 utiam
1371 3940 1537 4004 occasione

365 4032 472 4122 ‘quasi
487 4043 527 4104 de
542 4040 703 4105 industria
717 4040 765 4103 ita
781 4050 931 4123 captante
950 4032 1089 4104 fortuna'
1104 4040 1186 4103 mihi
1198 4042 1306 4106 oblata
1319 4053 1425 4106 uterer
1441 4033 1536 4127 atque

368 4147 543 4210 consilium
557 4147 646 4211 Flori
660 4148 702 4210 ad
716 4146 1137 4229 codicemBambergensem
1152 4149 1338 4213 recensendi
1352 4170 1533 4231 exequerer.

370 4271 429 4333 ego
444 4274 521 4317 uero
536 4275 654 4336 negare
669 4252 734 4316 tale
749 4251 921 4315 consilium
936 4273 1092 4337 umquam
1118 4254 1200 4317 mihi
1215 4266 1338 4319 certum
1352 4255 1462 4331 fuisse,
1481 4276 1537 4319 ne·

371 4377 432 4439 que
443 4381 497 4423 me
510 4359 547 4422 in
563 4359 702 4424 alienam
715 4357 917 4442 prouinciam
931 4358 1166 4424 inuolaturum.
1183 4361 1238 4425 ille
1244 4372 1356 4424 contra
1368 4361 1537 4427 adfirmare

375 4482 487 4529 senon
500 4466 606 4550 magis
621 4468 661 4530 de
670 4467 765 4530 Floro
781 4466 904 4529 edendo
919 4465 1087 4548 cogitasse,
1108 4466 1292 4550 praesertim
1309 4465 1380 4529 aliis
1395 4469 1535 4551 negotiis

378 4568 573 4649 districtumv,
603 4572 770 4657 acriusque
799 4570 918 4635 instare
949 4579 987 4634 ut
1000 4571 1150 4656 ¹codicem
1171 4583 1318 4635 accurate
1339 4584 1535 4652 excuterem,

1300 4691 1337 4745 ’ἱῆ
