3809 5534
438 605 512 661 XVI
929 617 1126 661 1111111110.

438 792 542 855 neque
557 771 699 833 multum
714 770 754 832 ab
769 768 831 831 hoc
845 789 962 852 genere
977 768 1104 831 diuersa
1121 779 1198 831 sunt

438 875 770 959 p25,1fortissimas
792 886 905 958 gentes
929 874 1189 958 opulentissimas
1232 873 1421 938 fortissimas
1441 878 1536 941 urbes
1552 886 1583 939 B

581 983 676 1045 urbes
690 988 728 1044 N

489 1097 540 1166 38,
557 1096 574 1150 9
591 1111 649 1172 per
664 1087 826 1152 samnium
852 1096 957 1149 totum
979 1108 1036 1169 per
1052 1087 1190 1149 falernos
1234 1107 1290 1168 per
1311 1087 1473 1151 samnium
1495 1111 1611 1172 gaura-

604 1215 825 1277 gauranosque
842 1198 880 1255 N
1276 1213 1398 1275 uosque
1413 1201 1442 1256 B

439 1300 652 1385 praeteream
666 1308 696 1362 B
710 1322 835 1383 quoque
851 1299 1044 1384 quibusdam
1059 1299 1137 1361 locis
1152 1320 1255 1381 pauca
1269 1300 1369 1362 uerba
1383 1300 1502 1363 omissa
1517 1312 1606 1377 sunt,

440 1418 478 1471 ut
493 1429 622 1471 causam
637 1405 824 1470 oscitantiae
839 1406 965 1467 nullam
980 1404 1162 1481 uideamus,
1175 1426 1197 1487 p
1215 1410 1267 1480 63,
1286 1411 1325 1466 26
1335 1405 1497 1468 Annibali
1509 1406 1608 1491 suffe-

440 1515 559 1591 cerint·
578 1521 630 1591 85,
650 1520 667 1575 2
683 1512 753 1576 dite
768 1534 865 1586 neee,·
885 1518 966 1587 85,4
983 1534 1021 1573 ee
1035 1511 1155 1583 obuiis·
1174 1517 1227 1587 90,
1249 1517 1285 1573 18
1303 1512 1512 1586 (ιο-111111·
1534 1522 1606 1586 100,

440 1627 480 1683 23
497 1629 591 1704 atque
604 1617 772 1683 1111111111
780 1645 793 1691 ,·
816 1624 887 1692 114,
907 1622 924 1678 8
941 1618 988 1679 ecl
1001 1615 1172 1678 arbitrium
1180 1643 1193 1690 ;
1220 1623 1291 1693 118,
1312 1623 1329 1676 6
1345 1638 1441 1700 quem
1457 1617 1604 1700 imperia.

524 1726 626 1789 Hisce
642 1724 742 1807 igitur
762 1722 841 1785 locis
863 1722 949 1784 bon-a
971 1732 1081 1784 nostra
1102 1723 1232 1784 fortuna
1253 1744 1336 1804 quae
1358 1723 1440 1785 alter
1460 1724 1607 1787 codicum

439 1832 560 1896 omittit
576 1853 616 1893 ex
631 1830 731 1892 altero
746 1828 890 1912 suppleri
910 1838 1058 1911 possunt.
1091 1839 1125 1890 at
1146 1851 1167 1911 p
1185 1837 1215 1904 5,
1237 1836 1272 1891 19
1297 1840 1408 1911 aperta
1428 1831 1547 1893 lacuna
1561 1841 1609 1894 est

439 1939 475 2000 in
490 1945 519 2000 B
539 1932 702 2022 ‘quattuor
713 1935 869 2019 praelibes
889 1956 998 1997 rosnae
1013 1927 1123 1997 eetas'.
1156 1957 1238 2017 quae
1261 1935 1389 2017 expleta
1410 1934 1541 2018 quidem
1562 1948 1610 2001 est

438 2044 475 2107 in
490 2050 526 2107 N
541 2038 705 2127 ‘quattuor
717 2043 840 2125 prediis
855 2063 1085 2125 processusque
1100 2041 1249 2104 inueniet.
1274 2041 1387 2123 prime
1402 2035 1524 2117 eetes',·
1550 2045 1606 2106 sed

440 2173 515 2215 cum
529 2147 833 2232 uerbumqrediles
844 2147 1043 2210 inmutatum
1059 2147 1112 2223 sit,
1129 2147 1238 2229 grauis
1254 2146 1355 2209 oritur
1370 2148 1509 2231 suspicio
1524 2150 1608 2212 hanc

440 2259 590 2321 lacunam
604 2255 651 2318 ita
667 2256 707 2317 ab
726 2253 955 2337 interpolatore
976 2253 1011 2315 in
1033 2259 1071 2315 N
1090 2253 1252 2335 expletam
1273 2275 1352 2316 esse.
1384 2254 1495 2336 paullo
1518 2255 1610 2318 aliter

439 2385 489 2426 res
512 2385 546 2425 se
566 2361 665 2423 habet
687 2382 708 2443 p
725 2366 778 2436 48,
797 2366 849 2435 24,
875 2359 933 2422 ubi
954 2368 1068 2421 neuter
1089 2359 1191 2421 codex
1212 2361 1311 2422 uerba
1330 2359 1492 2442 senptoris
1513 2361 1610 2443 plena

441 2467 590 2543 exhibet,
618 2488 699 2549 quae
721 2487 762 2528 ex
783 2476 918 2548 utroque
947 2466 1086 2548 quodam
1109 2466 1205 2527 modo
1230 2467 1441 2548 conponenda
1462 2466 1605 2530 suerunt.

441 2573 561 2650 etenim
576 2572 612 2635 in
626 2580 656 2634 B
669 2572 749 2634 haec
764 2581 893 2634 tentum
908 2572 1062 2655 leguntur
1079 2564 1172 2654 ‘quia
1196 2570 1292 2654 eulpa
1300 2570 1471 2654 philippus
1490 2596 1608 2655 persae

429 2681 528 2766 filius
540 2670 735 2754 uoeeleter',
750 2676 786 2739 in
796 2683 834 2740 N
843 2688 951 2740 autem
963 2671 1053 2760 ‘quie
1065 2677 1160 2760 eulqe
1168 2676 1337 2759 philippus
1349 2700 1387 2738 ee·
1397 2678 1608 2764 similitudine

431 2784 579 2871 philippi
599 2782 855 2866 pseudepilippus
877 2775 1079 2846 eeeeleter'.
1110 2804 1177 2845 non
1199 2782 1329 2845 uidetur
1351 2783 1492 2846 dubitari
1514 2807 1607 2868 posse

440 2891 520 2975 quin
534 2890 570 2951 in
585 2888 693 2951 codice
708 2890 847 2972 quodam
861 2888 1052 2971 perantiquo
1067 2890 1224 2970 quaedam
1237 2888 1326 2972 prius
1342 2890 1460 2953 omissa
1474 2900 1507 2953 et
1522 2902 1607 2973 post-

441 3016 479 3059 ea
493 2993 653 3078 adscripta
666 2994 799 3071 fuerint,
818 3017 955 3077 quorum
970 3016 1043 3077 pars
1059 2994 1095 3055 in
1109 2992 1227 3056 codicis
1242 3002 1283 3071 B,
1301 2995 1401 3058 altera
1414 3017 1488 3077 pars
1504 2995 1540 3058 in
1555 3018 1604 3060 co-

439 3101 519 3165 dicis
547 3107 585 3165 N
611 3101 782 3185 archetypo
811 3100 932 3163 inserta
959 3110 1018 3163 est.
1050 3122 1091 3163 ex
1118 3108 1257 3182 utroque
1279 3100 1366 3163 enim
1386 3104 1607 3183 reponendum

439 3218 507 3271 erat
521 3202 613 3291 ‘quie
628 3208 724 3291 eelqe
740 3229 778 3269 ee
792 3206 1002 3270 similitudine
1022 3204 1175 3287 Philippi
1187 3207 1308 3269 Persae
1318 3206 1395 3292 filii
1407 3205 1604 3289 Pseudophi-

440 3313 544 3397 lippus
563 3306 760 3375 eoeedeter’.

523 3419 568 3482 Et
581 3419 643 3482 hoc
658 3418 789 3501 quidem
807 3419 877 3481 loeo
894 3428 961 3481 tam
980 3420 1062 3481 bene
1084 3420 1206 3483 factum
1228 3430 1276 3483 est
1297 3431 1334 3483 ut
1357 3421 1437 3483 alter
1456 3419 1602 3483 codicum

438 3527 587 3610 suppleat
602 3526 688 3608 quod
702 3524 737 3587 in
753 3525 852 3587 altero
867 3524 1022 3588 omissum
1044 3535 1109 3602 est,
1134 3528 1190 3589 sed
1213 3525 1285 3590 aliis
1308 3526 1502 3609 quibusdam
1524 3525 1601 3589 locis

438 3642 573 3717 uterque
594 3631 630 3693 in
650 3632 767 3695 lacuna
787 3631 1005 3694 consentiunt.
1038 3631 1084 3694 ita
1103 3654 1124 3714 p
1149 3638 1201 3708 28,
1221 3639 1237 3694 8
1255 3634 1294 3695 de
1310 3631 1430 3695 Maelio
1445 3633 1601 3712 quaedam

438 3740 593 3803 excidisse
609 3749 758 3822 apertum'
769 3749 828 3802 est.
845 3760 868 3821 p
886 3744 937 3813 34,
958 3745 1061 3819 5post
1076 3737 1161 3800 elles
1180 3740 1337 3822 quaedam
1349 3737 1485 3814 omissa,
1501 3758 1604 3821 neque

438 3866 513 3907 cum
538 3844 695 3907 Withofio
717 3844 786 3907 elie
809 3844 984 3927 legendum
1006 3865 1074 3907 esse
1095 3843 1194 3907 totius
1224 3843 1287 3907 loci
1316 3842 1398 3905 ratio
1418 3846 1599 3925 persuadet.

437 3971 459 4033 p
477 3958 527 4026 57,
547 3949 777 4013 3desideratur
798 3970 909 4011 eorum
933 3949 1131 4013 enumeratio
1160 3972 1241 4032 quae
1263 3950 1296 4011 in
1318 3948 1412 4011 bonis
1427 3950 1524 4032 regiis
1538 3951 1604 4012 fue·

412 4045 513 4118 'rint
545 4061 642 4138 pse,
671 4064 706 4118 17
736 4066 809 4139 post
834 4053 1009 4117 uenientem
1031 4057 1188 4138 quaedam
1211 4056 1366 4119 excidisse
1392 4065 1501 4137 patet,
1531 4077 1604 4118 cum

436 4160 519 4224 illud
533 4159 707 4224 uenientem
722 4183 789 4224 non
802 4160 921 4222 habeat
937 4182 1000 4244 quo
1015 4162 1181 4225 referatur.
1213 4162 1311 4226 etiam
1326 4184 1347 4244 p
1365 4166 1427 4237 62,-
1438 4170 1474 4223 17
1500 4173 1603 4225 atten-

437 4279 507 4332 tum
521 4268 674 4331 lectorem
688 4267 805 4330 lacuna
819 4267 928 4330 fallere
943 4289 1010 4329 non
1024 4278 1140 4350 potest.
1159 4268 1205 4331 ibi
1216 4275 1283 4332 BN
1294 4268 1415 4330 habent
1427 4261 1604 4352 ‘frequens-

436 4396 496 4458 que
510 4374 544 4438 ie
558 4373 736 4457 spectaculo
758 4394 867 4435 remor
890 4371 1045 4436 uictoriae
1060 4357 1229 4437 cimbricae
1249 4373 1397 4459 feliciter
1413 4366 1519 4436 dieit'.
1551 4372 1604 4436 hic

437 4481 569 4544 offendit
590 4480 655 4543 iam
679 4480 764 4563 quod
785 4500 894 4540 rumor
911 4471 1069 4542 ‘feliciter’
1103 4478 1201 4555 dicit,
1229 4478 1263 4541 id
1285 4480 1370 4562 quod
1391 4500 1452 4541 nec
1473 4480 1606 4542 Florum

437 4606 551 4648 ausum
567 4607 634 4649 esse
649 4587 760 4661 ered03
784 4583 882 4647 etiam
904 4584 1036 4666 grauius
1059 4594 1124 4659 est,
1150 4586 1235 4667 quod
1257 4606 1369 4648 sensus
1392 4605 1528 4648 mancus
1544 4593 1601 4647 est.

436 4684 1604 4775 statimenimaddit‘quiopeeeluteletemontilessuisRomespeeteeele
