3809 5534
468 580 504 638 11
946 598 1015 640 nun
1032 598 1129 641 suoru

463 746 536 808 stris
552 745 659 807 ualere
674 745 855 828 liberosque
867 769 937 809 esse
949 747 1056 809 iussit.
1081 746 1250 829 Tarquinii
1273 759 1381 810 tamen
1401 758 1471 810 tam
1491 746 1548 810 diu
1570 746 1615 809 di-
1635 748 1656 808 I

462 851 676 924 micauerunt,
695 851 795 913 donec
805 853 981 915 Arruntem
991 852 1096 915 filium
1111 851 1194 935 regis
1209 874 1310 914 manu
1326 875 1384 915 sua
1400 856 1522 915 Brutus
1538 852 1617 914 occi-

464 956 511 1018 dit
527 975 684 1037 superque
699 956 806 1038 ipsum
821 969 934 1021 mutuo
949 958 1081 1021 uolnere
1105 957 1284 1040 expirauit,
1302 960 1398 1041 plane
1420 958 1514 1041 quasi
1530 959 1618 1021 adul-

464 1073 569 1123 terum
585 1063 625 1122 ad
641 1060 759 1124 inferos
775 1085 875 1145 usque
891 1059 1107 1145 sequeretur.u
1621 1063 1661 1147 [I]

794 1322 834 1385 V.
861 1322 1045 1385 BELLVM
1062 1322 1283 1386 LATINVM.

411 1531 444 1588 ll
467 1532 576 1595 Latini
592 1553 718 1614 quoque
730 1531 923 1613 Tarquinios
939 1533 1130 1595 adserebant
1145 1531 1359 1596 aemulatione
1374 1546 1408 1594 et
1421 1532 1568 1609 inuidia,
1585 1545 1620 1595 ut

465 1639 603 1722 populus
637 1637 692 1720 qui
720 1637 796 1700 foris
826 1636 1052 1700 dominabatur
1091 1636 1204 1717 saltimf
1226 1637 1313 1700 domi
1342 1637 1489 1700 seruiret.
1524 1637 1619 1720 igitur

466 1766 561 1806 omne
577 1742 709 1806 Latium
724 1740 871 1804 Mamilio
887 1743 1072 1805 Tusculano
1088 1743 1169 1805 duce
1190 1742 1282 1825 quasi
1304 1741 1339 1803 in
1362 1742 1447 1825 regis
1462 1743 1618 1806 ultionem

467 1848 552 1911 tollit
568 1847 702 1909 animoa.
722 1857 800 1929 aput
815 1846 937 1929 Regilli
952 1848 1059 1910 lacum
1071 1847 1239 1910 dimicauit
1254 1847 1311 1910 diu
1327 1850 1433 1912 Marte
1446 1848 1551 1925 uario,
1568 1850 1618 1911 do

467 1974 526 2015 nec
542 1951 729 2015 Postumius
750 1952 819 2034 ipse
840 1951 977 2015 dictator
999 1953 1128 2035 signum
1150 1952 1185 2014 in
1207 1953 1308 2016 hostis
1331 1953 1492 2017 iaculatus
1516 1965 1616 2017 est-
1635 1964 1657 2012 lo

466 2079 590 2120 nouum
618 2067 650 2119 et
674 2056 801 2139 insigne
817 2070 1035 2120 commentum
1055 2096 1097 2106 -
1120 2070 1157 2121 ut
1172 2058 1247 2121 inde
1262 2069 1469 2141 repeteretur.
1503 2060 1617 2123 Cossus

467 2162 612 2245 equitum
626 2161 780 2245 magister
796 2184 912 2226 exuere
934 2164 1041 2228 frenos
1063 2163 1236 2247 imperauit
1254 2202 1286 2210 -
1304 2176 1336 2227 et
1358 2165 1419 2227 hoc
1441 2187 1567 2229 nouum
1581 2203 1618 2213 -

467 2291 530 2351 quo
546 2268 650 2332 acrius
665 2268 875 2330 incurrerent.
901 2290 938 2331 ea
959 2268 1096 2351 denique
1120 2269 1270 2332 atrocitas
1291 2269 1355 2331 fuit
1368 2269 1503 2352 proelii,
1521 2281 1559 2333 ut
1573 2270 1616 2331 in·

467 2372 614 2436 terfuisse
630 2373 811 2456 spectaculo
827 2376 902 2436 deos
918 2374 1005 2436 fama
1021 2373 1198 2438 tradiderit.
1224 2377 1288 2437 duo
1309 2374 1345 2436 in
1367 2375 1514 2438 candidis
1533 2374 1618 2458 equis

467 2478 601 2541 iuuenes
616 2500 703 2541 more
719 2477 860 2541 siderum
874 2481 1210 2561 praeteruolauenmt;
1244 2481 1411 2544 Castorem
1426 2481 1532 2562 adque
1547 2481 1617 2543 Pol·
1635 2488 1662 2539 15

467 2584 573 2647 lucem
596 2606 690 2647 nemo
713 2582 886 2647 dubitauit.
911 2584 1020 2667 itaque
1043 2595 1076 2646 et
1097 2584 1270 2667 imperator
1291 2584 1360 2668 ipse
1375 2597 1551 2649 ueneratus
1573 2596 1618 2649 est

466 2701 643 2773 pactusque
658 2689 827 2753 uictoriam
842 2690 964 2772 templa
977 2688 1125 2772 promisit
1136 2700 1168 2751 et
1179 2689 1328 2765 reddidit,
1339 2664 1443 2772 plane
1459 2691 1552 2773 quasi
1566 2690 1617 2753 sti·

466 2795 622 2877 pendium
637 2794 908 2857 conmilitonibus
924 2794 985 2858 dis.

552 2901 722 2961 Hactenus
737 2920 795 2981 pro
809 2898 974 2975 libertate,
991 2922 1067 2962 mox
1082 2901 1121 2962 de
1142 2900 1260 2963 finibus
1282 2921 1355 2962 cum
1377 2898 1482 2963 isdem
1497 2900 1619 2965 Latinis

468 3004 601 3067 adsidue
624 3013 656 3066 et
676 3003 745 3066 sine
766 3003 1002 3068 intermissione
1016 3015 1198 3088 pugnatum
1220 3016 1279 3068 est.
1305 3006 1390 3068 Cora
1409 3006 1541 3088 -quis
1557 3027 1617 3069 cre-
1636 3012 1662 3063 Β

468 3109 544 3172 dat?
562 3146 600 3156 -
618 3119 651 3171 et
665 3108 794 3172 Alsium
810 3109 922 3171 terrori
936 3110 1086 3186 fuerunt,
1116 3110 1277 3174 Satricum
1292 3112 1395 3194 adque
1412 3111 1619 3175 Corniculum

468 3214 664 3297 prouinciae.
682 3208 743 3275 '‘de
754 3214 883 3277 Verulis
895 3224 927 3277 et
939 3215 1075 3277 Bouillis
1087 3198 1253 3298 -pudet,
1267 3218 1322 3278 sed
1334 3215 1615 3299 triumphauimus.
1635 3244 1662 3276 ,ι

469 3320 581 3395 Tibur,
599 3340 686 3382 nunc
702 3319 939 3395 suburbanum,
958 3331 990 3382 et
1005 3319 1146 3382 aestiuae
1161 3322 1335 3384 Praeneste
1350 3322 1485 3385 deliciae
1500 3344 1619 3386 nuncu·

468 3425 552 3508 patis
574 3426 610 3488 in
631 3423 791 3506 Capitolio
811 3423 895 3486 uotis
917 3425 1120 3506 petebantur.
1152 3424 1238 3487 idem
1259 3437 1337 3488 tunc
1359 3427 1519 3490 Faesulae
1540 3427 1621 3511 quod

467 3531 609 3594 Carrhae
623 3551 745 3612 nuper,
769 3528 855 3591 idem
876 3551 990 3592 nemus
1004 3528 1174 3592 Aricinum
1190 3533 1276 3612 quod
1296 3532 1484 3615 Hercynius
1507 3534 1617 3607 saltus,
1637 3535 1662 3591 Ξ

469 3637 633 3720 Fregellae
649 3637 735 3718 quod
750 3634 993 3710 Caesoriacum‚
1018 3634 1142 3697 Tiberis
1158 3637 1244 3716 quod
1259 3636 1453 3718 Euphrates.
1478 3638 1620 3702 Coriolos

472 3974 637 4026 ltamendiu
648 3973 683 4035 17¹,
705 3980 795 4025 tamen
814 3990 855 4023 om
872 3973 926 4026 ΙΡΝ
945 3974 954 4043 11
973 3974 1069 4027 tandiu
1085 3974 1115 4026 ΒΡ
1140 3974 1149 4044 11
1175 3980 1189 4027 3
1209 3976 1321 4029 uulnere
1338 3988 1357 4028 Β
1382 3976 1391 4047 11
1417 3980 1432 4028 5
1452 3990 1569 4031 BELLVM
1581 3995 1620 4028 om

468 4070 488 4110 Β
501 4045 543 4129 111
556 4058 650 4112 saltem
662 4070 687 4110 N
704 4059 712 4128 11
733 4058 906 4110 9dimicotur
922 4070 948 4110 N
970 4059 979 4128 11
1004 4067 1061 4112 arte
1081 4059 1095 4110 b
1115 4060 1124 4128 11
1147 4064 1177 4111 10
1197 4061 1358 4130 posthumus
1375 4074 1409 4126 Β,
1437 4068 1582 4132 postumus
1597 4072 1621 4113 N

481 4142 490 4213 11
510 4142 623 4213 dignum
634 4154 660 4195 N
682 4142 690 4212 11
712 4144 740 4193 11
756 4149 788 4194 ut
799 4141 862 4195 inde
879 4150 1047 4212 repeteretur
1064 4142 1162 4211 empti
1176 4144 1345 4198 Peniculum
1361 4152 1485 4199 tecuam
1510 4155 1543 4199 ut
1560 4146 1619 4199 inde

468 4228 525 4298 ipse
537 4233 675 4298 peteretur
686 4242 720 4292 Β,
746 4227 788 4280 uti
800 4234 936 4297 peteretur
948 4244 1029 4280 cursu
1040 4241 1065 4281 N
1076 4228 1085 4297 11
1101 4232 1131 4281 13
1145 4230 1218 4298 quod
1229 4243 1255 4283 Ν
1265 4230 1274 4299 11
1296 4234 1325 4282 15
1340 4230 1452 4285 iuvenes
1464 4249 1541 4285 more
1552 4231 1618 4284 side-

467 4330 527 4365 rum
539 4314 811 4382 praeteruolauerunt
823 4330 864 4364 om
876 4324 901 4365 Ν
923 4313 931 4383 11
957 4312 1094 4382 pullucem
1104 4325 1130 4367 Ν
1147 4314 1156 4384 11
1179 4318 1209 4367 16
1231 4315 1289 4384 ipse
1307 4331 1349 4367 om
1361 4328 1386 4368 Ν
1408 4316 1418 4386 11
1445 4318 1476 4368 18
1495 4316 1554 4370 deis
1569 4327 1594 4368 Ν
1606 4315 1614 4383 11

472 4399 502 4449 lo
514 4394 626 4450 actenus
637 4410 661 4450 N
680 4398 688 4467 11
708 4397 813 4450 hisdem
824 4409 844 4450 Β
863 4396 871 4466 11
890 4401 922 4450 20
936 4415 999 4451 cora
1012 4415 1046 4460 ς.·
1076 4416 1137 4452 sora
1146 4411 1192 4451 ΒΝ
1206 4400 1215 4469 11
1234 4403 1264 4452 21
1280 4399 1403 4470 algidum
1414 4401 1461 4471 Ν1
1474 4404 1509 4453 22
1527 4400 1617 4454 trium·

469 4482 586 4549 phauere
610 4482 716 4535 romani
732 4481 767 4551 Ill
793 4484 824 4533 23
843 4490 967 4550 preneste
983 4495 1003 4535 Β
1021 4483 1075 4552 1124
1095 4483 1272 4553 phaesulaeB
1290 4485 1299 4555 11
1318 4487 1351 4537 25
1372 4487 1467 4540 carrha
1484 4498 1520 4550 Β,
1546 4484 1616 4537 char

468 4582 513 4617 rae
530 4579 559 4629 Ι,
586 4584 680 4635 caprae
698 4580 724 4620 N
741 4567 749 4636 11
770 4566 916 4636 haecynius
934 4579 967 4629 Β,
997 4566 1134 4635 hereylius
1155 4568 1196 4637 111
1217 4570 1251 4621 26
1262 4569 1433 4639 gesoriacum
1455 4567 1615 4642 quodtigris

469 4648 541 4716 quod
554 4649 669 4704 eufrates
681 4663 706 4702 N
715 4650 725 4719 11
