<?xml version="1.0" encoding="UTF-8"?>
<!DOCTYPE html PUBLIC "-//W3C//DTD XHTML 1.0 Transitional//EN"
    "http://www.w3.org/TR/xhtml1/DTD/xhtml1-transitional.dtd">
<html xmlns="http://www.w3.org/1999/xhtml" xml:lang="en" lang="en">
 <head>
  <title>
</title>
<meta http-equiv="Content-Type" content="text/html;charset=utf-8" />
  <meta name='ocr-system' content='tesseract 3.04.00' />
  <meta name='ocr-capabilities' content='ocr_page ocr_carea ocr_par ocr_line ocrx_word'/>
</head>
<body>
  <div class='ocr_page' id='page_1' title='image "./iulifloriepitom00florgoog_0096.png"; bbox 0 0 3809 5534; ppageno 0'>
   <div class='ocr_carea' id='block_1_1' title="bbox 458 614 1120 676">
    <p class='ocr_par' dir='ltr' id='par_1_1' title="bbox 458 614 1120 676">
     <span class='ocr_line' id='line_1_1' title="bbox 458 614 1120 676; baseline -0.005 0"><span class='ocrx_word' id='word_1_1' title='bbox 458 614 498 676; x_wconf 85' lang='grc'><strong>38</strong></span> <span class='ocrx_word' id='word_1_2' title='bbox 909 619 919 638; x_wconf 87' lang='grc'><em>·</em></span> <span class='ocrx_word' id='word_1_3' title='bbox 937 629 1120 674; x_wconf 79' lang='lat' dir='ltr'><strong>1vn1rnos1</strong></span> 
     </span>
    </p>
   </div>
   <div class='ocr_carea' id='block_1_2' title="bbox 388 777 1662 3830">
    <p class='ocr_par' dir='ltr' id='par_1_2' title="bbox 388 777 1662 3830">
     <span class='ocr_line' id='line_1_2' title="bbox 457 777 1662 864; baseline -0.007 -18"><span class='ocrx_word' id='word_1_4' title='bbox 457 782 586 846; x_wconf 72' lang='lat' dir='ltr'><strong>autem?</strong></span> <span class='ocrx_word' id='word_1_5' title='bbox 607 782 642 845; x_wconf 92' lang='lat' dir='ltr'><strong>in</strong></span> <span class='ocrx_word' id='word_1_6' title='bbox 658 780 814 864; x_wconf 78' lang='lat' dir='ltr'><strong>eligendis</strong></span> <span class='ocrx_word' id='word_1_7' title='bbox 835 780 1075 863; x_wconf 89' lang='lat' dir='ltr'><strong>magistratibus</strong></span> <span class='ocrx_word' id='word_1_8' title='bbox 1097 801 1179 863; x_wconf 91' lang='lat' dir='ltr'><strong>quae</strong></span> <span class='ocrx_word' id='word_1_9' title='bbox 1201 779 1421 842; x_wconf 87' lang='lat' dir='ltr'><strong>centuriarum</strong></span> <span class='ocrx_word' id='word_1_10' title='bbox 1441 777 1616 861; x_wconf 85' lang='lat' dir='ltr'><strong>sapientia,</strong></span> <span class='ocrx_word' id='word_1_11' title='bbox 1641 779 1662 838; x_wconf 91' lang='lat' dir='ltr'><em>I</em></span> 
     </span>
     <span class='ocr_line' id='line_1_3' title="bbox 457 883 1619 967; baseline -0.007 -14"><span class='ocrx_word' id='word_1_12' title='bbox 457 892 532 953; x_wconf 88' lang='lat' dir='ltr'><strong>cum</strong></span> <span class='ocrx_word' id='word_1_13' title='bbox 546 887 686 951; x_wconf 91' lang='lat' dir='ltr'><strong>iuniores</strong></span> <span class='ocrx_word' id='word_1_14' title='bbox 701 909 721 950; x_wconf 89' lang='lat' dir='ltr'><strong>a</strong></span> <span class='ocrx_word' id='word_1_15' title='bbox 735 886 913 951; x_wconf 88' lang='lat' dir='ltr'><strong>senioribus</strong></span> <span class='ocrx_word' id='word_1_16' title='bbox 928 886 1101 950; x_wconf 89' lang='lat' dir='ltr'><strong>consilium</strong></span> <span class='ocrx_word' id='word_1_17' title='bbox 1115 887 1154 949; x_wconf 94' lang='lat' dir='ltr'><strong>de</strong></span> <span class='ocrx_word' id='word_1_18' title='bbox 1170 885 1315 949; x_wconf 76' lang='lat' dir='ltr'>creandis</span> <span class='ocrx_word' id='word_1_19' title='bbox 1330 885 1520 949; x_wconf 88' lang='lat' dir='ltr'><strong>consulibus</strong></span> <span class='ocrx_word' id='word_1_20' title='bbox 1535 883 1619 967; x_wconf 88' lang='lat' dir='ltr'><strong>peti·</strong></span> 
     </span>
     <span class='ocr_line' id='line_1_4' title="bbox 457 989 1620 1077; baseline -0.004 -19"><span class='ocrx_word' id='word_1_21' title='bbox 457 1005 562 1058; x_wconf 88' lang='lat' dir='ltr'><strong>erunt.</strong></span> <span class='ocrx_word' id='word_1_22' title='bbox 595 993 714 1077; x_wconf 85' lang='lat' dir='ltr'>quippe</span> <span class='ocrx_word' id='word_1_23' title='bbox 730 994 883 1056; x_wconf 88' lang='lat' dir='ltr'><strong>aduersus</strong></span> <span class='ocrx_word' id='word_1_24' title='bbox 898 992 1024 1056; x_wconf 77' lang='lat' dir='ltr'><strong>hostem</strong></span> <span class='ocrx_word' id='word_1_25' title='bbox 1039 990 1158 1054; x_wconf 89' lang='lat' dir='ltr'><strong>totiens</strong></span> <span class='ocrx_word' id='word_1_26' title='bbox 1173 991 1348 1067; x_wconf 86' lang='lat' dir='ltr'><strong>uictorem,</strong></span> <span class='ocrx_word' id='word_1_27' title='bbox 1371 1002 1440 1054; x_wconf 89' lang='lat' dir='ltr'><strong>tam</strong></span> <span class='ocrx_word' id='word_1_28' title='bbox 1461 989 1620 1053; x_wconf 85' lang='lat' dir='ltr'><strong>callidum</strong></span> 
     </span>
     <span class='ocr_line' id='line_1_5' title="bbox 457 1096 1600 1182; baseline -0.003 -20"><span class='ocrx_word' id='word_1_29' title='bbox 457 1121 523 1163; x_wconf 91' lang='lat' dir='ltr'><strong>non</strong></span> <span class='ocrx_word' id='word_1_30' title='bbox 538 1098 660 1162; x_wconf 91' lang='lat' dir='ltr'><strong>uirtute</strong></span> <span class='ocrx_word' id='word_1_31' title='bbox 675 1109 814 1175; x_wconf 89' lang='lat' dir='ltr'><strong>tantum,</strong></span> <span class='ocrx_word' id='word_1_32' title='bbox 832 1100 888 1161; x_wconf 89' lang='lat' dir='ltr'><strong>sed</strong></span> <span class='ocrx_word' id='word_1_33' title='bbox 902 1097 970 1161; x_wconf 89' lang='lat' dir='ltr'><strong>suis</strong></span> <span class='ocrx_word' id='word_1_34' title='bbox 986 1096 1084 1160; x_wconf 88' lang='lat' dir='ltr'><strong>etiam</strong></span> <span class='ocrx_word' id='word_1_35' title='bbox 1098 1118 1244 1182; x_wconf 89' lang='lat' dir='ltr'><strong>pugnare</strong></span> <span class='ocrx_word' id='word_1_36' title='bbox 1258 1096 1401 1161; x_wconf 90' lang='lat' dir='ltr'><strong>consiliis</strong></span> <span class='ocrx_word' id='word_1_37' title='bbox 1417 1098 1600 1181; x_wconf 81' lang='lat' dir='ltr'><strong>oportebat.</strong></span> 
     </span>
     <span class='ocr_line' id='line_1_6' title="bbox 544 1201 1656 1285; baseline -0.004 -18"><span class='ocrx_word' id='word_1_38' title='bbox 544 1204 654 1268; x_wconf 92' lang='lat' dir='ltr'><strong>Prima</strong></span> <span class='ocrx_word' id='word_1_39' title='bbox 676 1202 839 1266; x_wconf 88' lang='lat' dir='ltr'><strong>redeuntis</strong></span> <span class='ocrx_word' id='word_1_40' title='bbox 855 1214 906 1279; x_wconf 86' lang='lat' dir='ltr'><strong>et,</strong></span> <span class='ocrx_word' id='word_1_41' title='bbox 934 1215 972 1266; x_wconf 93' lang='lat' dir='ltr'><strong>ut</strong></span> <span class='ocrx_word' id='word_1_42' title='bbox 991 1203 1038 1266; x_wconf 89' lang='lat' dir='ltr'><strong>ita</strong></span> <span class='ocrx_word' id='word_1_43' title='bbox 1059 1202 1213 1278; x_wconf 84' lang='lat' dir='ltr'>dixerim,</span> <span class='ocrx_word' id='word_1_44' title='bbox 1241 1203 1468 1267; x_wconf 86' lang='lat' dir='ltr'><strong>reuiuiscentis</strong></span> <span class='ocrx_word' id='word_1_45' title='bbox 1488 1201 1620 1285; x_wconf 88' lang='lat' dir='ltr'><strong>imperii</strong></span> <span class='ocrx_word' id='word_1_46' title='bbox 1641 1216 1656 1263; x_wconf 82' lang='lat'><strong>5</strong></span> 
     </span>
     <span class='ocr_line' id='line_1_7' title="bbox 457 1308 1619 1394; baseline -0.003 -20"><span class='ocrx_word' id='word_1_47' title='bbox 457 1332 529 1394; x_wconf 90' lang='lat' dir='ltr'><strong>spes</strong></span> <span class='ocrx_word' id='word_1_48' title='bbox 546 1310 666 1373; x_wconf 86' lang='lat' dir='ltr'><strong>Fabius</strong></span> <span class='ocrx_word' id='word_1_49' title='bbox 680 1309 763 1385; x_wconf 90' lang='lat' dir='ltr'><strong>fuit,</strong></span> <span class='ocrx_word' id='word_1_50' title='bbox 791 1309 848 1392; x_wconf 91' lang='lat' dir='ltr'><strong>qui</strong></span> <span class='ocrx_word' id='word_1_51' title='bbox 862 1331 983 1373; x_wconf 87' lang='lat' dir='ltr'><strong>nouam</strong></span> <span class='ocrx_word' id='word_1_52' title='bbox 997 1310 1038 1372; x_wconf 91' lang='lat' dir='ltr'><strong>de</strong></span> <span class='ocrx_word' id='word_1_53' title='bbox 1051 1308 1214 1371; x_wconf 80' lang='lat' dir='ltr'><strong>Annibale</strong></span> <span class='ocrx_word' id='word_1_54' title='bbox 1228 1308 1398 1373; x_wconf 87' lang='lat' dir='ltr'><strong>uictoriam</strong></span> <span class='ocrx_word' id='word_1_55' title='bbox 1412 1318 1619 1373; x_wconf 88' lang='lat' dir='ltr'><strong>commentus</strong></span> 
     </span>
     <span class='ocr_line' id='line_1_8' title="bbox 457 1414 1619 1500; baseline -0.003 -20"><span class='ocrx_word' id='word_1_56' title='bbox 457 1427 518 1491; x_wconf 86' lang='lat' dir='ltr'><strong>est,</strong></span> <span class='ocrx_word' id='word_1_57' title='bbox 534 1437 601 1478; x_wconf 92' lang='lat' dir='ltr'><strong>non</strong></span> <span class='ocrx_word' id='word_1_58' title='bbox 616 1436 771 1500; x_wconf 88' lang='lat' dir='ltr'><strong>pugnare.</strong></span> <span class='ocrx_word' id='word_1_59' title='bbox 796 1416 873 1479; x_wconf 90' lang='lat' dir='ltr'><strong>hine</strong></span> <span class='ocrx_word' id='word_1_60' title='bbox 893 1415 943 1478; x_wconf 93' lang='lat' dir='ltr'><strong>illi</strong></span> <span class='ocrx_word' id='word_1_61' title='bbox 959 1435 1137 1497; x_wconf 81' lang='lat' dir='ltr'><strong>cognomen</strong></span> <span class='ocrx_word' id='word_1_62' title='bbox 1151 1435 1275 1478; x_wconf 92' lang='lat' dir='ltr'><strong>nouum</strong></span> <span class='ocrx_word' id='word_1_63' title='bbox 1290 1414 1383 1478; x_wconf 86' lang='lat' dir='ltr'><strong>atrei</strong></span> <span class='ocrx_word' id='word_1_64' title='bbox 1397 1415 1553 1499; x_wconf 92' lang='lat' dir='ltr'><strong>publicae</strong></span> <span class='ocrx_word' id='word_1_65' title='bbox 1570 1435 1619 1477; x_wconf 92' lang='lat' dir='ltr'><strong>sa-</strong></span> 
     </span>
     <span class='ocr_line' id='line_1_9' title="bbox 456 1520 1620 1604; baseline 0.001 -21"><span class='ocrx_word' id='word_1_66' title='bbox 456 1521 560 1599; x_wconf 82' lang='lat' dir='ltr'><strong>lutare</strong></span> <span class='ocrx_word' id='word_1_67' title='bbox 572 1531 739 1585; x_wconf 80' lang='lat' dir='ltr'><strong>cunctator</strong></span> <span class='ocrx_word' id='word_1_68' title='bbox 747 1547 756 1597; x_wconf 86' lang='lat'>3</span> <span class='ocrx_word' id='word_1_69' title='bbox 781 1522 858 1585; x_wconf 90' lang='lat' dir='ltr'><strong>hine</strong></span> <span class='ocrx_word' id='word_1_70' title='bbox 873 1521 957 1584; x_wconf 93' lang='lat' dir='ltr'><strong>illud</strong></span> <span class='ocrx_word' id='word_1_71' title='bbox 972 1543 1011 1583; x_wconf 86' lang='lat' dir='ltr'><strong>ex</strong></span> <span class='ocrx_word' id='word_1_72' title='bbox 1026 1520 1163 1604; x_wconf 89' lang='lat' dir='ltr'><strong>populo,</strong></span> <span class='ocrx_word' id='word_1_73' title='bbox 1180 1530 1218 1583; x_wconf 92' lang='lat' dir='ltr'><strong>ut</strong></span> <span class='ocrx_word' id='word_1_74' title='bbox 1232 1520 1359 1604; x_wconf 89' lang='lat' dir='ltr'><strong>imperii</strong></span> <span class='ocrx_word' id='word_1_75' title='bbox 1373 1533 1507 1584; x_wconf 90' lang='lat' dir='ltr'><strong>scutum</strong></span> <span class='ocrx_word' id='word_1_76' title='bbox 1522 1541 1620 1584; x_wconf 88' lang='lat' dir='ltr'><strong>uoca-</strong></span> 
     </span>
     <span class='ocr_line' id='line_1_10' title="bbox 455 1626 1619 1711; baseline -0.002 -21"><span class='ocrx_word' id='word_1_77' title='bbox 455 1638 554 1690; x_wconf 85' lang='lat' dir='ltr'><strong>retur.</strong></span> <span class='ocrx_word' id='word_1_78' title='bbox 579 1628 688 1710; x_wconf 89' lang='lat' dir='ltr'><strong>itaque</strong></span> <span class='ocrx_word' id='word_1_79' title='bbox 709 1650 766 1711; x_wconf 91' lang='lat' dir='ltr'><strong>per</strong></span> <span class='ocrx_word' id='word_1_80' title='bbox 787 1626 957 1690; x_wconf 88' lang='lat' dir='ltr'><strong>Samnium</strong></span> <span class='ocrx_word' id='word_1_81' title='bbox 980 1637 1103 1700; x_wconf 89' lang='lat' dir='ltr'><strong>totum,</strong></span> <span class='ocrx_word' id='word_1_82' title='bbox 1126 1648 1184 1710; x_wconf 88' lang='lat' dir='ltr'><strong>per</strong></span> <span class='ocrx_word' id='word_1_83' title='bbox 1203 1627 1355 1690; x_wconf 85' lang='lat' dir='ltr'><strong>Falernos</strong></span> <span class='ocrx_word' id='word_1_84' title='bbox 1378 1628 1619 1709; x_wconf 88' lang='lat' dir='ltr'><strong>Gauranosque</strong></span> 
     </span>
     <span class='ocr_line' id='line_1_11' title="bbox 457 1732 1662 1817; baseline -0.002 -21"><span class='ocrx_word' id='word_1_85' title='bbox 457 1735 559 1797; x_wconf 88' lang='lat' dir='ltr'><strong>saltus</strong></span> <span class='ocrx_word' id='word_1_86' title='bbox 575 1734 620 1796; x_wconf 92' lang='lat' dir='ltr'><strong>sic</strong></span> <span class='ocrx_word' id='word_1_87' title='bbox 634 1733 811 1796; x_wconf 76' lang='lat' dir='ltr'><strong>macerarit</strong></span> <span class='ocrx_word' id='word_1_88' title='bbox 824 1732 1021 1795; x_wconf 81' lang='lat' dir='ltr'><strong>Annibalem</strong></span> <span class='ocrx_word' id='word_1_89' title='bbox 1043 1745 1080 1795; x_wconf 91' lang='lat' dir='ltr'><strong>ut</strong></span> <span class='ocrx_word' id='word_1_90' title='bbox 1095 1733 1172 1814; x_wconf 88' lang='lat' dir='ltr'><strong>quia</strong></span> <span class='ocrx_word' id='word_1_91' title='bbox 1185 1733 1293 1815; x_wconf 86' lang='lat' dir='ltr'><strong>frangi</strong></span> <span class='ocrx_word' id='word_1_92' title='bbox 1306 1733 1429 1796; x_wconf 88' lang='lat' dir='ltr'><strong>uirtute</strong></span> <span class='ocrx_word' id='word_1_93' title='bbox 1445 1754 1513 1796; x_wconf 91' lang='lat' dir='ltr'><strong>non</strong></span> <span class='ocrx_word' id='word_1_94' title='bbox 1528 1744 1620 1817; x_wconf 87' lang='lat' dir='ltr'><strong>pote-</strong></span> <span class='ocrx_word' id='word_1_95' title='bbox 1642 1744 1662 1793; x_wconf 87' lang='grc'><strong>1(</strong></span> 
     </span>
     <span class='ocr_line' id='line_1_12' title="bbox 455 1838 1619 1902; baseline 0.001 -1"><span class='ocrx_word' id='word_1_96' title='bbox 455 1850 506 1901; x_wconf 91' lang='lat' dir='ltr'><strong>rat</strong></span> <span class='ocrx_word' id='word_1_97' title='bbox 531 1860 620 1901; x_wconf 90' lang='lat' dir='ltr'><strong>mora</strong></span> <span class='ocrx_word' id='word_1_98' title='bbox 646 1838 925 1901; x_wconf 87' lang='lat' dir='ltr'><strong>comminueretur.</strong></span> <span class='ocrx_word' id='word_1_99' title='bbox 961 1839 1037 1901; x_wconf 88' lang='lat' dir='ltr'><strong>inde</strong></span> <span class='ocrx_word' id='word_1_100' title='bbox 1064 1839 1201 1902; x_wconf 84' lang='lat' dir='ltr'><strong>Claudio</strong></span> <span class='ocrx_word' id='word_1_101' title='bbox 1227 1839 1382 1901; x_wconf 87' lang='lat' dir='ltr'><strong>Marcello</strong></span> <span class='ocrx_word' id='word_1_102' title='bbox 1408 1841 1490 1902; x_wconf 80' lang='lat' dir='ltr'><strong>duce</strong></span> <span class='ocrx_word' id='word_1_103' title='bbox 1518 1839 1619 1902; x_wconf 89' lang='lat' dir='ltr'><strong>etiam</strong></span> 
     </span>
     <span class='ocr_line' id='line_1_13' title="bbox 456 1944 1621 2028; baseline 0 -21"><span class='ocrx_word' id='word_1_104' title='bbox 456 1944 607 2027; x_wconf 86' lang='lat' dir='ltr'><strong>congredi</strong></span> <span class='ocrx_word' id='word_1_105' title='bbox 622 1966 720 2008; x_wconf 88' lang='lat' dir='ltr'><strong>ausus</strong></span> <span class='ocrx_word' id='word_1_106' title='bbox 735 1945 912 2007; x_wconf 90' lang='lat' dir='ltr'><strong>comminus</strong></span> <span class='ocrx_word' id='word_1_107' title='bbox 928 1945 1020 2008; x_wconf 92' lang='lat' dir='ltr'><strong>uenit</strong></span> <span class='ocrx_word' id='word_1_108' title='bbox 1034 1956 1067 2008; x_wconf 91' lang='lat' dir='ltr'><strong>et</strong></span> <span class='ocrx_word' id='word_1_109' title='bbox 1081 1946 1222 2027; x_wconf 86' lang='lat' dir='ltr'><strong>perpulit</strong></span> <span class='ocrx_word' id='word_1_110' title='bbox 1237 1945 1272 2008; x_wconf 95' lang='lat' dir='ltr'><strong>in</strong></span> <span class='ocrx_word' id='word_1_111' title='bbox 1293 1946 1509 2028; x_wconf 78' lang='lat' dir='ltr'><strong>Campaniam</strong></span> <span class='ocrx_word' id='word_1_112' title='bbox 1525 1967 1621 2007; x_wconf 90' lang='lat' dir='ltr'><strong>suam</strong></span> 
     </span>
     <span class='ocr_line' id='line_1_14' title="bbox 457 2050 1616 2136; baseline -0.001 -22"><span class='ocrx_word' id='word_1_113' title='bbox 457 2062 489 2114; x_wconf 90' lang='lat' dir='ltr'><strong>et</strong></span> <span class='ocrx_word' id='word_1_114' title='bbox 504 2052 544 2113; x_wconf 93' lang='lat' dir='ltr'><strong>ab</strong></span> <span class='ocrx_word' id='word_1_115' title='bbox 560 2050 724 2114; x_wconf 83' lang='lat' dir='ltr'><strong>obsidione</strong></span> <span class='ocrx_word' id='word_1_116' title='bbox 739 2051 843 2114; x_wconf 90' lang='lat' dir='ltr'><strong>Nolae</strong></span> <span class='ocrx_word' id='word_1_117' title='bbox 858 2052 946 2115; x_wconf 88' lang='lat' dir='ltr'><strong>urbis</strong></span> <span class='ocrx_word' id='word_1_118' title='bbox 963 2051 1111 2113; x_wconf 84' lang='lat' dir='ltr'><strong>exclusit.</strong></span> <span class='ocrx_word' id='word_1_119' title='bbox 1137 2073 1235 2114; x_wconf 90' lang='lat' dir='ltr'><strong>ausus</strong></span> <span class='ocrx_word' id='word_1_120' title='bbox 1251 2064 1283 2114; x_wconf 92' lang='lat' dir='ltr'><strong>et</strong></span> <span class='ocrx_word' id='word_1_121' title='bbox 1305 2052 1495 2136; x_wconf 90' lang='lat' dir='ltr'><strong>Sempronio</strong></span> <span class='ocrx_word' id='word_1_122' title='bbox 1512 2051 1616 2114; x_wconf 86' lang='lat' dir='ltr'><strong>Grac-</strong></span> 
     </span>
     <span class='ocr_line' id='line_1_15' title="bbox 456 2156 1619 2240; baseline 0 -21"><span class='ocrx_word' id='word_1_123' title='bbox 456 2157 517 2219; x_wconf 91' lang='lat' dir='ltr'><strong>cho</strong></span> <span class='ocrx_word' id='word_1_124' title='bbox 533 2158 614 2219; x_wconf 90' lang='lat' dir='ltr'><strong>duce</strong></span> <span class='ocrx_word' id='word_1_125' title='bbox 629 2179 685 2239; x_wconf 91' lang='lat' dir='ltr'><strong>per</strong></span> <span class='ocrx_word' id='word_1_126' title='bbox 697 2156 875 2220; x_wconf 83' lang='lat' dir='ltr'><strong>Lucaniam</strong></span> <span class='ocrx_word' id='word_1_127' title='bbox 887 2157 978 2240; x_wconf 90' lang='lat' dir='ltr'><strong>sequi</strong></span> <span class='ocrx_word' id='word_1_128' title='bbox 993 2171 1025 2220; x_wconf 91' lang='lat' dir='ltr'><strong>et</strong></span> <span class='ocrx_word' id='word_1_129' title='bbox 1036 2179 1179 2239; x_wconf 89' lang='lat' dir='ltr'><strong>premere</strong></span> <span class='ocrx_word' id='word_1_130' title='bbox 1186 2167 1276 2240; x_wconf 88' lang='lat' dir='ltr'><strong>terga</strong></span> <span class='ocrx_word' id='word_1_131' title='bbox 1291 2157 1447 2233; x_wconf 89' lang='lat' dir='ltr'><strong>cedentis,</strong></span> <span class='ocrx_word' id='word_1_132' title='bbox 1464 2156 1619 2240; x_wconf 90' lang='lat' dir='ltr'><strong>quamuis</strong></span> 
     </span>
     <span class='ocr_line' id='line_1_16' title="bbox 457 2262 1662 2346; baseline -0.003 -20"><span class='ocrx_word' id='word_1_133' title='bbox 457 2274 527 2326; x_wconf 90' lang='lat' dir='ltr'><strong>tum</strong></span> <span class='ocrx_word' id='word_1_134' title='bbox 542 2262 680 2345; x_wconf 89' lang='lat' dir='ltr'><strong>populus</strong></span> <span class='ocrx_word' id='word_1_135' title='bbox 696 2266 863 2327; x_wconf 88' lang='lat' dir='ltr'><strong>Romanus</strong></span> <span class='ocrx_word' id='word_1_136' title='bbox 880 2263 990 2326; x_wconf 88' lang='lat' dir='ltr'><strong>seruili</strong></span> <span class='ocrx_word' id='word_1_137' title='bbox 1004 2276 1162 2346; x_wconf 85' lang='lat' dir='ltr'><strong>pugnaret</strong></span> <span class='ocrx_word' id='word_1_138' title='bbox 1178 2263 1321 2326; x_wconf 87' lang='lat' dir='ltr'><strong>exercitu</strong></span> <span class='ocrx_word' id='word_1_139' title='bbox 1329 2287 1338 2338; x_wconf 92' lang='lat'>;</span> <span class='ocrx_word' id='word_1_140' title='bbox 1356 2285 1435 2325; x_wconf 91' lang='lat' dir='ltr'><strong>nam</strong></span> <span class='ocrx_word' id='word_1_141' title='bbox 1444 2263 1619 2345; x_wconf 90' lang='lat' dir='ltr'><strong>hucusque</strong></span> <span class='ocrx_word' id='word_1_142' title='bbox 1641 2274 1662 2323; x_wconf 78' lang='lat' dir='ltr'><strong>lt</strong></span> 
     </span>
     <span class='ocr_line' id='line_1_17' title="bbox 456 2369 1620 2452; baseline 0.001 -21"><span class='ocrx_word' id='word_1_143' title='bbox 456 2379 505 2431; x_wconf 90' lang='lat' dir='ltr'><strong>tot</strong></span> <span class='ocrx_word' id='word_1_144' title='bbox 519 2369 606 2431; x_wconf 88' lang='lat' dir='ltr'><strong>mala</strong></span> <span class='ocrx_word' id='word_1_145' title='bbox 620 2370 841 2452; x_wconf 89' lang='lat' dir='ltr'><strong>conpulerant.</strong></span> <span class='ocrx_word' id='word_1_146' title='bbox 867 2371 922 2432; x_wconf 90' lang='lat' dir='ltr'><strong>sed</strong></span> <span class='ocrx_word' id='word_1_147' title='bbox 936 2369 1084 2432; x_wconf 91' lang='lat' dir='ltr'><strong>libertate</strong></span> <span class='ocrx_word' id='word_1_148' title='bbox 1106 2369 1217 2432; x_wconf 87' lang='lat' dir='ltr'><strong>donati</strong></span> <span class='ocrx_word' id='word_1_149' title='bbox 1239 2369 1385 2432; x_wconf 89' lang='lat' dir='ltr'><strong>fecerunt</strong></span> <span class='ocrx_word' id='word_1_150' title='bbox 1406 2371 1446 2432; x_wconf 89' lang='lat' dir='ltr'><strong>de</strong></span> <span class='ocrx_word' id='word_1_151' title='bbox 1462 2370 1568 2432; x_wconf 89' lang='lat' dir='ltr'><strong>seruis</strong></span> <span class='ocrx_word' id='word_1_152' title='bbox 1584 2391 1620 2432; x_wconf 87' lang='lat' dir='ltr'><strong>se</strong></span> 
     </span>
     <span class='ocr_line' id='line_1_18' title="bbox 456 2474 1618 2540; baseline 0.004 -5"><span class='ocrx_word' id='word_1_153' title='bbox 456 2474 578 2537; x_wconf 87' lang='lat' dir='ltr'><strong>uirtute</strong></span> <span class='ocrx_word' id='word_1_154' title='bbox 594 2477 768 2538; x_wconf 86' lang='lat' dir='ltr'><strong>Romanos.</strong></span> <span class='ocrx_word' id='word_1_155' title='bbox 794 2498 812 2538; x_wconf 96' lang='lat' dir='ltr'><strong>o</strong></span> <span class='ocrx_word' id='word_1_156' title='bbox 833 2475 1018 2538; x_wconf 88' lang='lat' dir='ltr'><strong>horribilem</strong></span> <span class='ocrx_word' id='word_1_157' title='bbox 1041 2474 1076 2537; x_wconf 88' lang='lat' dir='ltr'><strong>in</strong></span> <span class='ocrx_word' id='word_1_158' title='bbox 1092 2486 1140 2538; x_wconf 93' lang='lat' dir='ltr'><strong>tot</strong></span> <span class='ocrx_word' id='word_1_159' title='bbox 1160 2475 1303 2538; x_wconf 88' lang='lat' dir='ltr'><strong>aduersis</strong></span> <span class='ocrx_word' id='word_1_160' title='bbox 1318 2474 1489 2539; x_wconf 88' lang='lat' dir='ltr'><strong>fiduciam!</strong></span> <span class='ocrx_word' id='word_1_161' title='bbox 1517 2498 1538 2539; x_wconf 94' lang='lat' dir='ltr'><strong>o</strong></span> <span class='ocrx_word' id='word_1_162' title='bbox 1553 2475 1618 2540; x_wconf 91' lang='lat' dir='ltr'><strong>sin·</strong></span> 
     </span>
     <span class='ocr_line' id='line_1_19' title="bbox 456 2580 1617 2664; baseline 0.003 -22"><span class='ocrx_word' id='word_1_163' title='bbox 456 2580 601 2662; x_wconf 87' lang='lat' dir='ltr'><strong>gularem</strong></span> <span class='ocrx_word' id='word_1_164' title='bbox 616 2580 761 2644; x_wconf 88' lang='lat' dir='ltr'><strong>animum</strong></span> <span class='ocrx_word' id='word_1_165' title='bbox 776 2603 812 2644; x_wconf 92' lang='lat' dir='ltr'><strong>ac</strong></span> <span class='ocrx_word' id='word_1_166' title='bbox 828 2581 979 2664; x_wconf 89' lang='lat' dir='ltr'><strong>spiritum</strong></span> <span class='ocrx_word' id='word_1_167' title='bbox 993 2580 1105 2663; x_wconf 91' lang='lat' dir='ltr'><strong>populi</strong></span> <span class='ocrx_word' id='word_1_168' title='bbox 1127 2581 1285 2645; x_wconf 86' lang='lat' dir='ltr'><strong>Romani!</strong></span> <span class='ocrx_word' id='word_1_169' title='bbox 1313 2591 1381 2644; x_wconf 91' lang='lat' dir='ltr'><strong>tam</strong></span> <span class='ocrx_word' id='word_1_170' title='bbox 1403 2580 1481 2644; x_wconf 88' lang='lat' dir='ltr'><strong>artis</strong></span> <span class='ocrx_word' id='word_1_171' title='bbox 1506 2582 1617 2645; x_wconf 89' lang='lat' dir='ltr'><strong>adflic-</strong></span> 
     </span>
     <span class='ocr_line' id='line_1_20' title="bbox 456 2686 1619 2768; baseline 0.003 -21"><span class='ocrx_word' id='word_1_172' title='bbox 456 2686 562 2768; x_wconf 91' lang='lat' dir='ltr'><strong>tisque</strong></span> <span class='ocrx_word' id='word_1_173' title='bbox 576 2688 671 2750; x_wconf 91' lang='lat' dir='ltr'><strong>rebus</strong></span> <span class='ocrx_word' id='word_1_174' title='bbox 686 2697 724 2750; x_wconf 90' lang='lat' dir='ltr'><strong>ut</strong></span> <span class='ocrx_word' id='word_1_175' title='bbox 739 2689 778 2749; x_wconf 93' lang='lat' dir='ltr'><strong>de</strong></span> <span class='ocrx_word' id='word_1_176' title='bbox 800 2686 896 2750; x_wconf 89' lang='lat' dir='ltr'><strong>Italia</strong></span> <span class='ocrx_word' id='word_1_177' title='bbox 911 2709 971 2749; x_wconf 88' lang='lat' dir='ltr'><strong>sua</strong></span> <span class='ocrx_word' id='word_1_178' title='bbox 985 2687 1131 2750; x_wconf 89' lang='lat' dir='ltr'><strong>dubitare</strong></span> <span class='ocrx_word' id='word_1_179' title='bbox 1151 2688 1314 2751; x_wconf 81' lang='lat' dir='ltr'><strong>debuisset</strong></span> <span class='ocrx_word' id='word_1_180' title='bbox 1329 2703 1429 2751; x_wconf 79' lang='lat' dir='ltr'><strong>ausus</strong></span> <span class='ocrx_word' id='word_1_181' title='bbox 1445 2696 1559 2750; x_wconf 85' lang='lat' dir='ltr'><strong>tamen</strong></span> <span class='ocrx_word' id='word_1_182' title='bbox 1570 2698 1619 2751; x_wconf 87' lang='lat' dir='ltr'><strong>est</strong></span> 
     </span>
     <span class='ocr_line' id='line_1_21' title="bbox 457 2791 1662 2877; baseline 0.002 -25"><span class='ocrx_word' id='word_1_183' title='bbox 457 2791 492 2852; x_wconf 91' lang='lat' dir='ltr'><strong>in</strong></span> <span class='ocrx_word' id='word_1_184' title='bbox 507 2792 635 2854; x_wconf 88' lang='lat' dir='ltr'><strong>diuersa</strong></span> <span class='ocrx_word' id='word_1_185' title='bbox 649 2792 822 2874; x_wconf 90' lang='lat' dir='ltr'><strong>respicere,</strong></span> <span class='ocrx_word' id='word_1_186' title='bbox 850 2814 988 2875; x_wconf 91' lang='lat' dir='ltr'><strong>cumque</strong></span> <span class='ocrx_word' id='word_1_187' title='bbox 1010 2793 1111 2856; x_wconf 88' lang='lat' dir='ltr'><strong>hostis</strong></span> <span class='ocrx_word' id='word_1_188' title='bbox 1131 2792 1167 2854; x_wconf 92' lang='lat' dir='ltr'><strong>in</strong></span> <span class='ocrx_word' id='word_1_189' title='bbox 1187 2792 1300 2875; x_wconf 89' lang='lat' dir='ltr'><strong>iugulo</strong></span> <span class='ocrx_word' id='word_1_190' title='bbox 1319 2815 1377 2877; x_wconf 89' lang='lat' dir='ltr'><strong>per</strong></span> <span class='ocrx_word' id='word_1_191' title='bbox 1399 2794 1617 2877; x_wconf 86' lang='lat' dir='ltr'><strong>Campaniam</strong></span> <span class='ocrx_word' id='word_1_192' title='bbox 1635 2805 1662 2855; x_wconf 79' lang='lat' dir='ltr'><strong>tt</strong></span> 
     </span>
     <span class='ocr_line' id='line_1_22' title="bbox 455 2897 1615 2980; baseline 0.004 -21"><span class='ocrx_word' id='word_1_193' title='bbox 455 2898 672 2980; x_wconf 87' lang='lat' dir='ltr'><strong>Apuliamque</strong></span> <span class='ocrx_word' id='word_1_194' title='bbox 687 2897 837 2960; x_wconf 89' lang='lat' dir='ltr'><strong>uolitaret</strong></span> <span class='ocrx_word' id='word_1_195' title='bbox 856 2897 1059 2980; x_wconf 88' lang='lat' dir='ltr'><strong>mediamque</strong></span> <span class='ocrx_word' id='word_1_196' title='bbox 1070 2900 1110 2961; x_wconf 91' lang='lat' dir='ltr'><strong>de</strong></span> <span class='ocrx_word' id='word_1_197' title='bbox 1129 2898 1226 2961; x_wconf 88' lang='lat' dir='ltr'><strong>Italia</strong></span> <span class='ocrx_word' id='word_1_198' title='bbox 1242 2898 1387 2962; x_wconf 89' lang='lat' dir='ltr'><strong>Africam</strong></span> <span class='ocrx_word' id='word_1_199' title='bbox 1404 2900 1546 2975; x_wconf 88' lang='lat' dir='ltr'><strong>faceret,</strong></span> <span class='ocrx_word' id='word_1_200' title='bbox 1565 2922 1615 2963; x_wconf 92' lang='lat' dir='ltr'><strong>eo·</strong></span> 
     </span>
     <span class='ocr_line' id='line_1_23' title="bbox 456 3002 1614 3090; baseline 0.004 -25"><span class='ocrx_word' id='word_1_201' title='bbox 456 3005 530 3066; x_wconf 90' lang='lat' dir='ltr'><strong>dem</strong></span> <span class='ocrx_word' id='word_1_202' title='bbox 545 3014 687 3088; x_wconf 91' lang='lat' dir='ltr'><strong>tempore</strong></span> <span class='ocrx_word' id='word_1_203' title='bbox 699 3013 731 3065; x_wconf 92' lang='lat' dir='ltr'><strong>ct</strong></span> <span class='ocrx_word' id='word_1_204' title='bbox 746 3003 833 3065; x_wconf 91' lang='lat' dir='ltr'><strong>hunc</strong></span> <span class='ocrx_word' id='word_1_205' title='bbox 849 3002 1028 3065; x_wconf 89' lang='lat' dir='ltr'><strong>sustinebat</strong></span> <span class='ocrx_word' id='word_1_206' title='bbox 1043 3018 1076 3067; x_wconf 90' lang='lat' dir='ltr'><strong>et</strong></span> <span class='ocrx_word' id='word_1_207' title='bbox 1090 3004 1124 3066; x_wconf 93' lang='lat' dir='ltr'><strong>in</strong></span> <span class='ocrx_word' id='word_1_208' title='bbox 1141 3004 1286 3067; x_wconf 89' lang='lat' dir='ltr'><strong>Siciliam</strong></span> <span class='ocrx_word' id='word_1_209' title='bbox 1297 3004 1483 3069; x_wconf 86' lang='lat' dir='ltr'><strong>Sardiniam</strong></span> <span class='ocrx_word' id='word_1_210' title='bbox 1493 3006 1614 3090; x_wconf 90' lang='lat' dir='ltr'><strong>Hispa·</strong></span> 
     </span>
     <span class='ocr_line' id='line_1_24' title="bbox 456 3108 1304 3193; baseline 0.001 -22"><span class='ocrx_word' id='word_1_211' title='bbox 456 3108 545 3171; x_wconf 90' lang='lat' dir='ltr'><strong>niam</strong></span> <span class='ocrx_word' id='word_1_212' title='bbox 559 3108 665 3193; x_wconf 88' lang='lat' dir='ltr'><strong>diuisa</strong></span> <span class='ocrx_word' id='word_1_213' title='bbox 678 3130 735 3193; x_wconf 91' lang='lat' dir='ltr'><strong>per</strong></span> <span class='ocrx_word' id='word_1_214' title='bbox 751 3118 906 3172; x_wconf 88' lang='lat' dir='ltr'><strong>terrarum</strong></span> <span class='ocrx_word' id='word_1_215' title='bbox 920 3108 1029 3172; x_wconf 89' lang='lat' dir='ltr'><strong>orbem</strong></span> <span class='ocrx_word' id='word_1_216' title='bbox 1043 3131 1132 3172; x_wconf 91' lang='lat' dir='ltr'><strong>arma</strong></span> <span class='ocrx_word' id='word_1_217' title='bbox 1145 3109 1304 3172; x_wconf 89' lang='lat' dir='ltr'><strong>mittebat.</strong></span> 
     </span>
     <span class='ocr_line' id='line_1_25' title="bbox 388 3195 1613 3281; baseline 0.001 -3"><span class='ocrx_word' id='word_1_218' title='bbox 388 3195 392 3201; x_wconf 32' lang='lat'><strong><em>⁴</em></strong></span> <span class='ocrx_word' id='word_1_219' title='bbox 544 3214 655 3278; x_wconf 88' lang='lat' dir='ltr'><strong>Sicilia</strong></span> <span class='ocrx_word' id='word_1_220' title='bbox 668 3211 821 3277; x_wconf 86' lang='lat' dir='ltr'><strong>mandata</strong></span> <span class='ocrx_word' id='word_1_221' title='bbox 835 3215 1002 3279; x_wconf 89' lang='lat' dir='ltr'><strong>Marcello.</strong></span> <span class='ocrx_word' id='word_1_222' title='bbox 1026 3235 1086 3276; x_wconf 92' lang='lat' dir='ltr'><strong>nec</strong></span> <span class='ocrx_word' id='word_1_223' title='bbox 1101 3214 1157 3276; x_wconf 93' lang='lat' dir='ltr'><strong>diu</strong></span> <span class='ocrx_word' id='word_1_224' title='bbox 1172 3215 1300 3278; x_wconf 90' lang='lat' dir='ltr'><strong>restitit.</strong></span> <span class='ocrx_word' id='word_1_225' title='bbox 1319 3225 1389 3279; x_wconf 88' lang='lat' dir='ltr'><strong>tota</strong></span> <span class='ocrx_word' id='word_1_226' title='bbox 1404 3217 1493 3280; x_wconf 91' lang='lat' dir='ltr'><strong>enim</strong></span> <span class='ocrx_word' id='word_1_227' title='bbox 1507 3218 1613 3281; x_wconf 87' lang='lat' dir='ltr'><strong>insula</strong></span> 
     </span>
     <span class='ocr_line' id='line_1_26' title="bbox 455 3320 1652 3405; baseline -0.002 -22"><span class='ocrx_word' id='word_1_228' title='bbox 455 3321 491 3384; x_wconf 91' lang='lat' dir='ltr'><strong>in</strong></span> <span class='ocrx_word' id='word_1_229' title='bbox 506 3343 573 3383; x_wconf 89' lang='lat' dir='ltr'><strong>una</strong></span> <span class='ocrx_word' id='word_1_230' title='bbox 588 3321 667 3383; x_wconf 88' lang='lat' dir='ltr'><strong>urbe</strong></span> <span class='ocrx_word' id='word_1_231' title='bbox 679 3327 832 3404; x_wconf 82' lang='lat' dir='ltr'><strong>&#39;superata</strong></span> <span class='ocrx_word' id='word_1_232' title='bbox 846 3331 904 3383; x_wconf 86' lang='lat' dir='ltr'><strong>est.</strong></span> <span class='ocrx_word' id='word_1_233' title='bbox 929 3321 1050 3402; x_wconf 86' lang='lat' dir='ltr'><strong>grande</strong></span> <span class='ocrx_word' id='word_1_234' title='bbox 1072 3320 1155 3383; x_wconf 90' lang='lat' dir='ltr'><strong>illud</strong></span> <span class='ocrx_word' id='word_1_235' title='bbox 1170 3333 1203 3383; x_wconf 90' lang='lat' dir='ltr'><strong>et</strong></span> <span class='ocrx_word' id='word_1_236' title='bbox 1224 3332 1299 3384; x_wconf 88' lang='lat' dir='ltr'><strong>ante</strong></span> <span class='ocrx_word' id='word_1_237' title='bbox 1313 3321 1348 3385; x_wconf 92' lang='lat' dir='ltr'><strong>id</strong></span> <span class='ocrx_word' id='word_1_238' title='bbox 1362 3332 1494 3405; x_wconf 89' lang='lat' dir='ltr'><strong>tempus</strong></span> <span class='ocrx_word' id='word_1_239' title='bbox 1510 3323 1608 3386; x_wconf 89' lang='lat' dir='ltr'><strong>inuic-</strong></span> <span class='ocrx_word' id='word_1_240' title='bbox 1626 3332 1652 3383; x_wconf 81' lang='lat' dir='ltr'><strong>tt</strong></span> 
     </span>
     <span class='ocr_line' id='line_1_27' title="bbox 455 3425 1610 3510; baseline 0.001 -19"><span class='ocrx_word' id='word_1_241' title='bbox 455 3438 527 3491; x_wconf 92' lang='lat' dir='ltr'><strong>tum</strong></span> <span class='ocrx_word' id='word_1_242' title='bbox 542 3441 650 3510; x_wconf 87' lang='lat' dir='ltr'><strong>caput,</strong></span> <span class='ocrx_word' id='word_1_243' title='bbox 670 3427 862 3510; x_wconf 85' lang='lat' dir='ltr'><strong>Syracusae,</strong></span> <span class='ocrx_word' id='word_1_244' title='bbox 879 3426 1027 3509; x_wconf 90' lang='lat' dir='ltr'><strong>quamuis</strong></span> <span class='ocrx_word' id='word_1_245' title='bbox 1041 3425 1244 3491; x_wconf 85' lang='lat' dir='ltr'><strong>Archimedis</strong></span> <span class='ocrx_word' id='word_1_246' title='bbox 1258 3426 1392 3509; x_wconf 86' lang='lat' dir='ltr'><strong>ingenio</strong></span> <span class='ocrx_word' id='word_1_247' title='bbox 1406 3428 1610 3492; x_wconf 90' lang='lat' dir='ltr'><strong>defenderen-</strong></span> 
     </span>
     <span class='ocr_line' id='line_1_28' title="bbox 456 3532 1608 3618; baseline -0.001 -21"><span class='ocrx_word' id='word_1_248' title='bbox 456 3545 526 3609; x_wconf 89' lang='lat' dir='ltr'><strong>tur,</strong></span> <span class='ocrx_word' id='word_1_249' title='bbox 544 3532 717 3615; x_wconf 88' lang='lat' dir='ltr'><strong>aliquando</strong></span> <span class='ocrx_word' id='word_1_250' title='bbox 739 3542 912 3595; x_wconf 90' lang='lat' dir='ltr'><strong>cesserunt.</strong></span> <span class='ocrx_word' id='word_1_251' title='bbox 944 3532 1041 3615; x_wconf 88' lang='lat' dir='ltr'><strong>longe</strong></span> <span class='ocrx_word' id='word_1_252' title='bbox 1069 3532 1119 3595; x_wconf 92' lang='lat' dir='ltr'><strong>illi</strong></span> <span class='ocrx_word' id='word_1_253' title='bbox 1140 3533 1259 3616; x_wconf 85' lang='lat' dir='ltr'><strong>triplex</strong></span> <span class='ocrx_word' id='word_1_254' title='bbox 1279 3555 1394 3597; x_wconf 87' lang='lat' dir='ltr'><strong>murus</strong></span> <span class='ocrx_word' id='word_1_255' title='bbox 1414 3535 1608 3618; x_wconf 86' lang='lat' dir='ltr'><strong>totidemque</strong></span> 
     </span>
     <span class='ocr_line' id='line_1_29' title="bbox 456 3638 1607 3723; baseline -0.002 -20"><span class='ocrx_word' id='word_1_256' title='bbox 456 3663 556 3715; x_wconf 78' lang='lat' dir='ltr'><strong>arceS,</strong></span> <span class='ocrx_word' id='word_1_257' title='bbox 572 3650 684 3723; x_wconf 88' lang='lat' dir='ltr'><strong>portus</strong></span> <span class='ocrx_word' id='word_1_258' title='bbox 699 3638 754 3702; x_wconf 93' lang='lat' dir='ltr'><strong>ille</strong></span> <span class='ocrx_word' id='word_1_259' title='bbox 769 3657 965 3701; x_wconf 88' lang='lat' dir='ltr'><strong>marmoreus</strong></span> <span class='ocrx_word' id='word_1_260' title='bbox 981 3648 1013 3700; x_wconf 91' lang='lat' dir='ltr'><strong>et</strong></span> <span class='ocrx_word' id='word_1_261' title='bbox 1027 3638 1099 3701; x_wconf 91' lang='lat' dir='ltr'><strong>fons</strong></span> <span class='ocrx_word' id='word_1_262' title='bbox 1120 3639 1299 3703; x_wconf 87' lang='lat' dir='ltr'><strong>celebratus</strong></span> <span class='ocrx_word' id='word_1_263' title='bbox 1320 3638 1508 3704; x_wconf 86' lang='lat' dir='ltr'><strong>Arethusae</strong></span> <span class='ocrx_word' id='word_1_264' title='bbox 1517 3665 1526 3717; x_wconf 90' lang='lat'>;</span> <span class='ocrx_word' id='word_1_265' title='bbox 1551 3639 1607 3703; x_wconf 88' lang='lat' dir='ltr'><strong>nisi</strong></span> 
     </span>
     <span class='ocr_line' id='line_1_30' title="bbox 457 3743 1604 3830; baseline -0.002 -23"><span class='ocrx_word' id='word_1_266' title='bbox 457 3748 544 3829; x_wconf 94' lang='lat' dir='ltr'><strong>quod</strong></span> <span class='ocrx_word' id='word_1_267' title='bbox 555 3745 713 3808; x_wconf 91' lang='lat' dir='ltr'><strong>hactenus</strong></span> <span class='ocrx_word' id='word_1_268' title='bbox 725 3743 871 3827; x_wconf 86' lang='lat' dir='ltr'><strong>profuere</strong></span> <span class='ocrx_word' id='word_1_269' title='bbox 886 3755 924 3807; x_wconf 90' lang='lat' dir='ltr'><strong>ut</strong></span> <span class='ocrx_word' id='word_1_270' title='bbox 941 3744 1178 3826; x_wconf 90' lang='lat' dir='ltr'><strong>pulchritudini</strong></span> <span class='ocrx_word' id='word_1_271' title='bbox 1190 3745 1297 3808; x_wconf 90' lang='lat' dir='ltr'><strong>uictae</strong></span> <span class='ocrx_word' id='word_1_272' title='bbox 1313 3744 1402 3809; x_wconf 89' lang='lat' dir='ltr'><strong>urbis</strong></span> <span class='ocrx_word' id='word_1_273' title='bbox 1413 3758 1604 3830; x_wconf 88' lang='lat' dir='ltr'><strong>parceretur.</strong></span> 
     </span>
    </p>
   </div>
   <div class='ocr_carea' id='block_1_3' title="bbox 454 3937 1608 4778">
    <p class='ocr_par' dir='ltr' id='par_1_3' title="bbox 454 3937 1608 4778">
     <span class='ocr_line' id='line_1_31' title="bbox 455 3937 1603 4012; baseline 0.004 -21"><span class='ocrx_word' id='word_1_274' title='bbox 455 3943 470 3991; x_wconf 83' lang='lat'><strong>2</strong></span> <span class='ocrx_word' id='word_1_275' title='bbox 484 3939 640 4007; x_wconf 90' lang='lat' dir='ltr'><strong>petiuerunt</strong></span> <span class='ocrx_word' id='word_1_276' title='bbox 650 3950 676 3991; x_wconf 99' lang='lat' dir='ltr'><em>N</em></span> <span class='ocrx_word' id='word_1_277' title='bbox 686 3938 694 4007; x_wconf 96' lang='grc'><strong>11</strong></span> <span class='ocrx_word' id='word_1_278' title='bbox 708 3942 722 3989; x_wconf 89' lang='lat'><strong>5</strong></span> <span class='ocrx_word' id='word_1_279' title='bbox 736 3946 767 3992; x_wconf 86' lang='lat' dir='ltr'><strong>ut</strong></span> <span class='ocrx_word' id='word_1_280' title='bbox 779 3938 817 3990; x_wconf 90' lang='lat' dir='ltr'><strong>sic</strong></span> <span class='ocrx_word' id='word_1_281' title='bbox 830 3937 944 3991; x_wconf 84' lang='lat' dir='ltr'><strong>dixerim</strong></span> <span class='ocrx_word' id='word_1_282' title='bbox 956 3950 981 3991; x_wconf 92' lang='lat' dir='ltr'><em>N</em></span> <span class='ocrx_word' id='word_1_283' title='bbox 992 3937 1001 4009; x_wconf 94' lang='grc'><strong>11</strong></span> <span class='ocrx_word' id='word_1_284' title='bbox 1012 3938 1207 3992; x_wconf 88' lang='lat' dir='ltr'><strong>reuiuesoentis</strong></span> <span class='ocrx_word' id='word_1_285' title='bbox 1218 3951 1238 3992; x_wconf 99' lang='grc' dir='ltr'><em>Β</em></span> <span class='ocrx_word' id='word_1_286' title='bbox 1250 3940 1259 4010; x_wconf 95' lang='grc'><strong>1</strong></span> <span class='ocrx_word' id='word_1_287' title='bbox 1272 3943 1288 3993; x_wconf 83' lang='grc'><strong>6</strong></span> <span class='ocrx_word' id='word_1_288' title='bbox 1301 3939 1392 3993; x_wconf 79' lang='lat' dir='ltr'><strong>sanius</strong></span> <span class='ocrx_word' id='word_1_289' title='bbox 1402 3940 1450 4012; x_wconf 73' lang='lat' dir='ltr'><strong>Nfl</strong></span> <span class='ocrx_word' id='word_1_290' title='bbox 1464 3943 1481 3995; x_wconf 82' lang='grc'>8</span> <span class='ocrx_word' id='word_1_291' title='bbox 1493 3941 1556 3996; x_wconf 88' lang='lat' dir='ltr'><strong>illut</strong></span> <span class='ocrx_word' id='word_1_292' title='bbox 1565 3940 1603 4008; x_wconf 79' lang='lat' dir='ltr'><strong>Nl</strong></span> 
     </span>
     <span class='ocr_line' id='line_1_32' title="bbox 455 4022 1605 4099; baseline 0.004 -22"><span class='ocrx_word' id='word_1_293' title='bbox 455 4028 470 4077; x_wconf 87' lang='lat'><strong>9</strong></span> <span class='ocrx_word' id='word_1_294' title='bbox 483 4030 572 4077; x_wconf 91' lang='lat' dir='ltr'><strong>totum</strong></span> <span class='ocrx_word' id='word_1_295' title='bbox 584 4042 632 4094; x_wconf 90' lang='lat' dir='ltr'><strong>per</strong></span> <span class='ocrx_word' id='word_1_296' title='bbox 642 4022 758 4076; x_wconf 87' lang='lat' dir='ltr'><strong>falernos</strong></span> <span class='ocrx_word' id='word_1_297' title='bbox 771 4042 812 4076; x_wconf 86' lang='lat' dir='ltr'><strong>om</strong></span> <span class='ocrx_word' id='word_1_298' title='bbox 823 4036 843 4076; x_wconf 93' lang='grc' dir='ltr'><em>Β</em></span> <span class='ocrx_word' id='word_1_299' title='bbox 856 4023 864 4093; x_wconf 93' lang='grc'><strong>11</strong></span> <span class='ocrx_word' id='word_1_300' title='bbox 880 4028 910 4077; x_wconf 88' lang='lat'><strong>10</strong></span> <span class='ocrx_word' id='word_1_301' title='bbox 924 4024 971 4093; x_wconf 91' lang='lat' dir='ltr'><strong>qui</strong></span> <span class='ocrx_word' id='word_1_302' title='bbox 983 4035 1008 4076; x_wconf 95' lang='lat' dir='ltr'><em>N</em></span> <span class='ocrx_word' id='word_1_303' title='bbox 1018 4023 1027 4094; x_wconf 94' lang='grc'><strong>11</strong></span> <span class='ocrx_word' id='word_1_304' title='bbox 1042 4026 1073 4076; x_wconf 84' lang='grc'><strong>12</strong></span> <span class='ocrx_word' id='word_1_305' title='bbox 1087 4041 1169 4077; x_wconf 86' lang='lat' dir='ltr'><strong>ausus</strong></span> <span class='ocrx_word' id='word_1_306' title='bbox 1181 4031 1223 4077; x_wconf 88' lang='lat' dir='ltr'><strong>est</strong></span> <span class='ocrx_word' id='word_1_307' title='bbox 1233 4036 1291 4078; x_wconf 76' lang='grc' dir='ltr'><strong>ΒΙΝ</strong></span> <span class='ocrx_word' id='word_1_308' title='bbox 1308 4023 1316 4095; x_wconf 91' lang='grc'><strong>1</strong></span> <span class='ocrx_word' id='word_1_309' title='bbox 1334 4024 1444 4095; x_wconf 89' lang='lat' dir='ltr'><strong>pepulit</strong></span> <span class='ocrx_word' id='word_1_310' title='bbox 1454 4027 1531 4099; x_wconf 69' lang='lat' dir='ltr'><strong>fflNfl</strong></span> <span class='ocrx_word' id='word_1_311' title='bbox 1544 4043 1605 4081; x_wconf 90' lang='lat' dir='ltr'><strong>cam·</strong></span> 
     </span>
     <span class='ocr_line' id='line_1_33' title="bbox 454 4108 1607 4184; baseline 0.002 -23"><span class='ocrx_word' id='word_1_312' title='bbox 454 4108 536 4180; x_wconf 82' lang='lat' dir='ltr'><strong>penis</strong></span> <span class='ocrx_word' id='word_1_313' title='bbox 548 4125 597 4162; x_wconf 88' lang='lat' dir='ltr'><strong>sua</strong></span> <span class='ocrx_word' id='word_1_314' title='bbox 607 4119 651 4161; x_wconf 78' lang='lat' dir='ltr'><strong>BN</strong></span> <span class='ocrx_word' id='word_1_315' title='bbox 662 4108 670 4177; x_wconf 88' lang='grc'><strong>11</strong></span> <span class='ocrx_word' id='word_1_316' title='bbox 686 4111 715 4159; x_wconf 89' lang='grc'><strong>13</strong></span> <span class='ocrx_word' id='word_1_317' title='bbox 729 4109 848 4162; x_wconf 87' lang='lat' dir='ltr'><strong>excussit</strong></span> <span class='ocrx_word' id='word_1_318' title='bbox 858 4122 883 4162; x_wconf 94' lang='lat' dir='ltr'><em>N</em></span> <span class='ocrx_word' id='word_1_319' title='bbox 894 4109 902 4179; x_wconf 92' lang='grc'><strong>11</strong></span> <span class='ocrx_word' id='word_1_320' title='bbox 919 4112 947 4161; x_wconf 85' lang='grc'><strong>15</strong></span> <span class='ocrx_word' id='word_1_321' title='bbox 962 4115 1028 4162; x_wconf 90' lang='lat' dir='ltr'><strong>tunc</strong></span> <span class='ocrx_word' id='word_1_322' title='bbox 1039 4109 1083 4179; x_wconf 69' lang='grc'><strong>111</strong></span> <span class='ocrx_word' id='word_1_323' title='bbox 1101 4110 1219 4180; x_wconf 89' lang='lat' dir='ltr'><strong>populus</strong></span> <span class='ocrx_word' id='word_1_324' title='bbox 1236 4111 1377 4163; x_wconf 89' lang='lat' dir='ltr'><strong>Romanus</strong></span> <span class='ocrx_word' id='word_1_325' title='bbox 1394 4112 1510 4181; x_wconf 62' lang='lat' dir='ltr'><strong>serpsi:</strong></span> <span class='ocrx_word' id='word_1_326' title='bbox 1527 4113 1607 4184; x_wconf 85' lang='lat' dir='ltr'><strong>pudor</strong></span> 
     </span>
     <span class='ocr_line' id='line_1_34' title="bbox 455 4193 1606 4269; baseline 0.001 -21"><span class='ocrx_word' id='word_1_327' title='bbox 455 4209 483 4259; x_wconf 92' lang='grc' dir='ltr'><strong>Β,</strong></span> <span class='ocrx_word' id='word_1_328' title='bbox 499 4195 605 4264; x_wconf 84' lang='lat' dir='ltr'><strong>opudor</strong></span> <span class='ocrx_word' id='word_1_329' title='bbox 616 4207 654 4248; x_wconf 83' lang='lat' dir='ltr'><strong>IN</strong></span> <span class='ocrx_word' id='word_1_330' title='bbox 665 4193 673 4265; x_wconf 88' lang='grc'><strong>1</strong></span> <span class='ocrx_word' id='word_1_331' title='bbox 686 4210 782 4246; x_wconf 86' lang='lat' dir='ltr'><strong>manus</strong></span> <span class='ocrx_word' id='word_1_332' title='bbox 795 4194 886 4247; x_wconf 85' lang='lat' dir='ltr'><strong>seruili</strong></span> <span class='ocrx_word' id='word_1_333' title='bbox 897 4202 1033 4266; x_wconf 87' lang='lat' dir='ltr'><strong>pugnaret</strong></span> <span class='ocrx_word' id='word_1_334' title='bbox 1045 4208 1138 4248; x_wconf 90' lang='lat' dir='ltr'><strong>namN</strong></span> <span class='ocrx_word' id='word_1_335' title='bbox 1148 4196 1157 4265; x_wconf 95' lang='grc'><strong>11</strong></span> <span class='ocrx_word' id='word_1_336' title='bbox 1171 4194 1343 4249; x_wconf 79' lang='lat' dir='ltr'><strong>exercitumB</strong></span> <span class='ocrx_word' id='word_1_337' title='bbox 1355 4195 1363 4266; x_wconf 96' lang='grc'><strong>11</strong></span> <span class='ocrx_word' id='word_1_338' title='bbox 1376 4196 1515 4269; x_wconf 88' lang='lat' dir='ltr'><strong>lucusque</strong></span> <span class='ocrx_word' id='word_1_339' title='bbox 1527 4211 1546 4252; x_wconf 95' lang='grc' dir='ltr'><em>Β</em></span> <span class='ocrx_word' id='word_1_340' title='bbox 1558 4201 1567 4269; x_wconf 93' lang='grc'><strong>11</strong></span> <span class='ocrx_word' id='word_1_341' title='bbox 1581 4200 1606 4249; x_wconf 74' lang='lat' dir='ltr'><strong>lb</strong></span> 
     </span>
     <span class='ocr_line' id='line_1_35' title="bbox 456 4278 1608 4351; baseline 0.004 -18"><span class='ocrx_word' id='word_1_342' title='bbox 456 4279 636 4349; x_wconf 87' lang='lat' dir='ltr'><strong>conpulerunt</strong></span> <span class='ocrx_word' id='word_1_343' title='bbox 647 4294 663 4334; x_wconf 85' lang='lat'><em>1</em></span> <span class='ocrx_word' id='word_1_344' title='bbox 674 4281 682 4351; x_wconf 95' lang='grc'><strong>11</strong></span> <span class='ocrx_word' id='word_1_345' title='bbox 695 4280 819 4333; x_wconf 88' lang='lat' dir='ltr'><strong>fecerunt</strong></span> <span class='ocrx_word' id='word_1_346' title='bbox 834 4278 868 4332; x_wconf 92' lang='lat' dir='ltr'><strong>de</strong></span> <span class='ocrx_word' id='word_1_347' title='bbox 881 4280 965 4333; x_wconf 89' lang='lat' dir='ltr'><strong>seruis</strong></span> <span class='ocrx_word' id='word_1_348' title='bbox 984 4297 1012 4333; x_wconf 86' lang='lat' dir='ltr'><strong>se</strong></span> <span class='ocrx_word' id='word_1_349' title='bbox 1024 4280 1127 4334; x_wconf 90' lang='lat' dir='ltr'><strong>uirtute</strong></span> <span class='ocrx_word' id='word_1_350' title='bbox 1139 4282 1278 4334; x_wconf 91' lang='lat' dir='ltr'><strong>Romanos</strong></span> <span class='ocrx_word' id='word_1_351' title='bbox 1289 4280 1431 4351; x_wconf 74' lang='lat' dir='ltr'><strong>Hauptiaa</strong></span> <span class='ocrx_word' id='word_1_352' title='bbox 1450 4285 1608 4338; x_wconf 64' lang='lat' dir='ltr'><strong>Salsum</strong></span> 
     </span>
     <span class='ocr_line' id='line_1_36' title="bbox 455 4364 1605 4429; baseline 0.003 -11"><span class='ocrx_word' id='word_1_353' title='bbox 455 4370 574 4418; x_wconf 79' lang='lat' dir='ltr'><strong>secatus:</strong></span> <span class='ocrx_word' id='word_1_354' title='bbox 590 4366 712 4420; x_wconf 85' lang='lat' dir='ltr'><strong>fecerunt</strong></span> <span class='ocrx_word' id='word_1_355' title='bbox 724 4364 758 4417; x_wconf 92' lang='lat' dir='ltr'><strong>de</strong></span> <span class='ocrx_word' id='word_1_356' title='bbox 771 4364 901 4417; x_wconf 88' lang='lat' dir='ltr'><strong>seruitute</strong></span> <span class='ocrx_word' id='word_1_357' title='bbox 919 4383 1045 4419; x_wconf 88' lang='lat' dir='ltr'><strong>romanos</strong></span> <span class='ocrx_word' id='word_1_358' title='bbox 1064 4377 1091 4429; x_wconf 91' lang='grc' dir='ltr'><strong>Β,</strong></span> <span class='ocrx_word' id='word_1_359' title='bbox 1106 4366 1225 4419; x_wconf 81' lang='lat' dir='ltr'><strong>fecerant</strong></span> <span class='ocrx_word' id='word_1_360' title='bbox 1237 4367 1271 4420; x_wconf 88' lang='lat' dir='ltr'><strong>de</strong></span> <span class='ocrx_word' id='word_1_361' title='bbox 1283 4367 1417 4421; x_wconf 86' lang='lat' dir='ltr'><strong>seruitute</strong></span> <span class='ocrx_word' id='word_1_362' title='bbox 1434 4383 1563 4423; x_wconf 77' lang='lat' dir='ltr'><strong>romaum</strong></span> <span class='ocrx_word' id='word_1_363' title='bbox 1578 4379 1605 4429; x_wconf 89' lang='lat' dir='ltr'><strong>N,</strong></span> 
     </span>
     <span class='ocr_line' id='line_1_37' title="bbox 456 4449 1606 4525; baseline 0.004 -24"><span class='ocrx_word' id='word_1_364' title='bbox 456 4449 489 4502; x_wconf 92' lang='lat' dir='ltr'><strong>de</strong></span> <span class='ocrx_word' id='word_1_365' title='bbox 502 4450 632 4504; x_wconf 85' lang='lat' dir='ltr'><strong>seruitute</strong></span> <span class='ocrx_word' id='word_1_366' title='bbox 642 4466 769 4505; x_wconf 89' lang='lat' dir='ltr'><strong>romanos</strong></span> <span class='ocrx_word' id='word_1_367' title='bbox 781 4450 903 4503; x_wconf 84' lang='lat' dir='ltr'><strong>fecerunt</strong></span> <span class='ocrx_word' id='word_1_368' title='bbox 913 4463 930 4502; x_wconf 84' lang='lat' dir='ltr'><strong>r</strong></span> <span class='ocrx_word' id='word_1_369' title='bbox 940 4451 948 4521; x_wconf 92' lang='grc'><strong>11</strong></span> <span class='ocrx_word' id='word_1_370' title='bbox 965 4455 994 4504; x_wconf 85' lang='grc'><strong>17</strong></span> <span class='ocrx_word' id='word_1_371' title='bbox 1007 4449 1036 4504; x_wconf 86' lang='lat' dir='ltr'><strong>in</strong></span> <span class='ocrx_word' id='word_1_372' title='bbox 1049 4450 1213 4521; x_wconf 87' lang='lat' dir='ltr'><strong>singularem</strong></span> <span class='ocrx_word' id='word_1_373' title='bbox 1224 4464 1244 4505; x_wconf 99' lang='grc' dir='ltr'><em>Β</em></span> <span class='ocrx_word' id='word_1_374' title='bbox 1256 4452 1265 4522; x_wconf 93' lang='grc'><strong>1</strong></span> <span class='ocrx_word' id='word_1_375' title='bbox 1280 4455 1311 4505; x_wconf 84' lang='grc'><strong>19</strong></span> <span class='ocrx_word' id='word_1_376' title='bbox 1325 4469 1387 4506; x_wconf 88' lang='lat' dir='ltr'><strong>cum</strong></span> <span class='ocrx_word' id='word_1_377' title='bbox 1400 4454 1435 4507; x_wconf 90' lang='lat' dir='ltr'><strong>de</strong></span> <span class='ocrx_word' id='word_1_378' title='bbox 1446 4454 1494 4525; x_wconf 67' lang='grc'><strong>111</strong></span> <span class='ocrx_word' id='word_1_379' title='bbox 1507 4472 1556 4509; x_wconf 84' lang='lat' dir='ltr'><strong>sua</strong></span> <span class='ocrx_word' id='word_1_380' title='bbox 1566 4454 1606 4507; x_wconf 75' lang='lat' dir='ltr'><strong>de</strong></span> 
     </span>
     <span class='ocr_line' id='line_1_38' title="bbox 457 4534 1607 4611; baseline 0.005 -26"><span class='ocrx_word' id='word_1_381' title='bbox 457 4535 549 4587; x_wconf 87' lang='lat' dir='ltr'><strong>cedere</strong></span> <span class='ocrx_word' id='word_1_382' title='bbox 562 4536 700 4590; x_wconf 86' lang='lat' dir='ltr'><strong>debuisset</strong></span> <span class='ocrx_word' id='word_1_383' title='bbox 716 4548 749 4599; x_wconf 91' lang='grc' dir='ltr'><strong>Β,</strong></span> <span class='ocrx_word' id='word_1_384' title='bbox 773 4549 821 4588; x_wconf 82' lang='lat' dir='ltr'><strong>sua</strong></span> <span class='ocrx_word' id='word_1_385' title='bbox 839 4534 977 4589; x_wconf 87' lang='lat' dir='ltr'><strong>dubitaret</strong></span> <span class='ocrx_word' id='word_1_386' title='bbox 987 4549 1010 4589; x_wconf 90' lang='lat' dir='ltr'><em>N</em></span> <span class='ocrx_word' id='word_1_387' title='bbox 1022 4537 1031 4607; x_wconf 93' lang='grc'><strong>11</strong></span> <span class='ocrx_word' id='word_1_388' title='bbox 1045 4540 1077 4590; x_wconf 81' lang='lat'><strong>20</strong></span> <span class='ocrx_word' id='word_1_389' title='bbox 1089 4536 1181 4589; x_wconf 83' lang='lat' dir='ltr'><strong>hostes</strong></span> <span class='ocrx_word' id='word_1_390' title='bbox 1200 4537 1229 4589; x_wconf 90' lang='lat' dir='ltr'><strong>in</strong></span> <span class='ocrx_word' id='word_1_391' title='bbox 1246 4536 1341 4607; x_wconf 83' lang='lat' dir='ltr'><strong>iugulo</strong></span> <span class='ocrx_word' id='word_1_392' title='bbox 1357 4550 1395 4602; x_wconf 90' lang='lat' dir='ltr'><strong>N,</strong></span> <span class='ocrx_word' id='word_1_393' title='bbox 1415 4538 1607 4611; x_wconf 71' lang='lat' dir='ltr'><strong>hostisingulo</strong></span> 
     </span>
     <span class='ocr_line' id='line_1_39' title="bbox 455 4619 1603 4692; baseline 0.006 -21"><span class='ocrx_word' id='word_1_394' title='bbox 455 4632 474 4671; x_wconf 93' lang='grc' dir='ltr'><em>Β</em></span> <span class='ocrx_word' id='word_1_395' title='bbox 487 4619 495 4687; x_wconf 86' lang='grc'><strong>11</strong></span> <span class='ocrx_word' id='word_1_396' title='bbox 510 4623 539 4670; x_wconf 82' lang='lat'><strong>21</strong></span> <span class='ocrx_word' id='word_1_397' title='bbox 555 4621 700 4675; x_wconf 85' lang='lat' dir='ltr'><strong>uolitarent</strong></span> <span class='ocrx_word' id='word_1_398' title='bbox 711 4631 736 4674; x_wconf 91' lang='lat' dir='ltr'><em>N</em></span> <span class='ocrx_word' id='word_1_399' title='bbox 747 4624 755 4691; x_wconf 92' lang='grc'><strong>11</strong></span> <span class='ocrx_word' id='word_1_400' title='bbox 768 4622 888 4675; x_wconf 87' lang='lat' dir='ltr'><strong>facerent</strong></span> <span class='ocrx_word' id='word_1_401' title='bbox 898 4633 923 4675; x_wconf 93' lang='lat' dir='ltr'><em>N</em></span> <span class='ocrx_word' id='word_1_402' title='bbox 938 4621 946 4691; x_wconf 94' lang='grc'><strong>11</strong></span> <span class='ocrx_word' id='word_1_403' title='bbox 960 4625 992 4675; x_wconf 76' lang='grc'><strong>21</strong></span> <span class='ocrx_word' id='word_1_404' title='bbox 1006 4622 1121 4692; x_wconf 88' lang='lat' dir='ltr'><strong>hispiam</strong></span> <span class='ocrx_word' id='word_1_405' title='bbox 1134 4622 1163 4683; x_wconf 83' lang='lat' dir='ltr'><strong>b,</strong></span> <span class='ocrx_word' id='word_1_406' title='bbox 1178 4620 1322 4692; x_wconf 83' lang='lat' dir='ltr'><strong>hispiniam</strong></span> <span class='ocrx_word' id='word_1_407' title='bbox 1334 4634 1354 4674; x_wconf 91' lang='grc' dir='ltr'><em>Β</em></span> <span class='ocrx_word' id='word_1_408' title='bbox 1366 4622 1375 4692; x_wconf 95' lang='grc'><strong>11</strong></span> <span class='ocrx_word' id='word_1_409' title='bbox 1390 4626 1424 4675; x_wconf 80' lang='lat' dir='ltr'><strong>rt</strong></span> <span class='ocrx_word' id='word_1_410' title='bbox 1436 4624 1556 4680; x_wconf 84' lang='lat' dir='ltr'><strong>inuictus</strong></span> <span class='ocrx_word' id='word_1_411' title='bbox 1567 4619 1603 4688; x_wconf 87' lang='grc' dir='ltr'><strong>Β1</strong></span> 
     </span>
     <span class='ocr_line' id='line_1_40' title="bbox 457 4705 906 4778; baseline 0.011 -22"><span class='ocrx_word' id='word_1_412' title='bbox 457 4706 489 4756; x_wconf 81' lang='lat'><strong>26</strong></span> <span class='ocrx_word' id='word_1_413' title='bbox 504 4705 612 4774; x_wconf 86' lang='lat' dir='ltr'><strong>quasuis</strong></span> <span class='ocrx_word' id='word_1_414' title='bbox 622 4720 642 4759; x_wconf 89' lang='grc' dir='ltr'><em>Β</em></span> <span class='ocrx_word' id='word_1_415' title='bbox 655 4709 664 4776; x_wconf 93' lang='grc'><strong>1</strong></span> <span class='ocrx_word' id='word_1_416' title='bbox 678 4712 709 4760; x_wconf 82' lang='lat'><strong>29</strong></span> <span class='ocrx_word' id='word_1_417' title='bbox 723 4712 833 4761; x_wconf 84' lang='lat' dir='ltr'><strong>actenus</strong></span> <span class='ocrx_word' id='word_1_418' title='bbox 846 4708 887 4762; x_wconf 84' lang='lat' dir='ltr'><strong>dN</strong></span> <span class='ocrx_word' id='word_1_419' title='bbox 897 4705 906 4778; x_wconf 93' lang='grc'><strong>11</strong></span> 
     </span>
    </p>
   </div>
   <div class='ocr_carea' id='block_1_4' title="bbox 0 0 1910 5534">
    <p class='ocr_par' dir='ltr' id='par_1_4' title="bbox 0 0 1910 5534">
     <span class='ocr_line' id='line_1_41' title="bbox 0 0 1910 5534; baseline 0 0"><span class='ocrx_word' id='word_1_420' title='bbox 0 0 1910 5534; x_wconf 95' lang='lat' dir='ltr'><strong> </strong></span> 
     </span>
    </p>
   </div>
  </div>
 </body>
</html>
