3809 5534
366 590 405 651 18
852 604 920 647 1vn1
938 604 1036 648 raom

362 760 397 821 in
412 756 577 820 curulibus
592 754 658 818 suis
673 763 888 836 praetextatos
909 775 1002 818 senes
1017 754 1108 818 uelut
1123 755 1198 817 deos
1220 752 1397 836 geniosque
1419 772 1515 815 uene
1537 752 1556 813 l

362 864 441 939 rati,
464 884 541 925 mox
563 862 710 935 eosdem,
734 870 904 942 postquam
925 881 995 923 esse
1016 858 1163 923 homines
1185 857 1350 941 liquebat,
1375 857 1518 939 alioquin

363 968 446 1031 nihil
461 969 650 1050 respondere
666 967 836 1049 dignantes
851 964 921 1047 pari
936 964 1086 1029 uecordia
1105 977 1267 1040 mactant,
1290 966 1441 1045 facesque
1457 975 1518 1026 tec·

363 1076 405 1140 tis
424 1072 583 1148 iniciunt,
608 1084 640 1138 et
655 1083 756 1135 totam
771 1072 884 1134 urbem
898 1070 969 1153 igni
983 1070 1066 1134 ferro
1080 1070 1230 1134 manibus
1246 1081 1440 1152 exaequant.
1465 1092 1520 1132 sex

363 1179 528 1245 mensibus
553 1177 680 1241 barbari
711 1213 751 1223 -
777 1178 848 1259 quis
874 1177 1035 1240 crederet?
1066 1215 1105 1224 --
1138 1177 1223 1240 circa
1246 1187 1392 1239 montem
1418 1188 1550 1239 unumt

363 1287 604 1370 pependerunt,
632 1305 691 1346 neo
717 1282 829 1346 diebus
853 1283 968 1357 modo,
996 1284 1052 1346 sed
1080 1282 1228 1346 noctibus
1258 1304 1385 1364 quoque
1414 1282 1521 1346 omnia

364 1365 505 1475 eiperti3
530 1411 604 1454 cum
619 1400 727 1454 tamen
750 1387 894 1452 Manlius
916 1399 1011 1451 nocte
1034 1389 1202 1453 subeuntis
1225 1390 1376 1472 clangore
1399 1388 1519 1451 anseris

365 1497 521 1561 excitatus
540 1518 699 1559 asumma
713 1517 792 1577 rupe
814 1493 947 1570 deiecit,
973 1504 1006 1557 et
1030 1506 1067 1557 ut
1089 1516 1180 1577 spem
1200 1496 1348 1558 hostibus
1366 1496 1519 1569 demeret,

364 1624 558 1686 quamquam
572 1601 607 1663 in
623 1624 749 1665 summa
762 1602 859 1677 fame,
877 1612 985 1666 tamen
1001 1602 1043 1663 ad
1057 1600 1196 1683 speciem
1210 1599 1348 1665 fiduciae
1362 1622 1465 1689 panes
1481 1600 1519 1661 ab

364 1732 435 1772 arce
458 1709 616 1774 iaculatus
647 1718 706 1769 est.
739 1718 772 1769 et
803 1716 887 1769 stato
910 1707 1050 1787 quodam
1073 1706 1126 1769 die
1148 1728 1205 1789 per
1233 1706 1355 1769 medias
1379 1706 1521 1769 hostium
1540 1716 1567 1765 lt

365 1814 525 1878 custodias
541 1812 677 1875 Fabium
692 1811 879 1894 pontificem
893 1813 933 1875 ab
956 1832 1027 1873 arce
1050 1811 1192 1889 dimisit,
1218 1812 1273 1894 qui
1295 1812 1453 1875 sollemne
1474 1833 1520 1874 sa-

365 1942 456 1983 crum
477 1919 512 1980 in
536 1917 696 1986 Quirinali
718 1929 828 1981 monte
851 1919 1031 1980 conficeret.
1061 1928 1157 1999 atque
1179 1918 1234 1981 ille
1256 1940 1314 1999 per
1335 1916 1445 1980 media
1466 1917 1520 1979 ho·

366 2024 464 2088 stium
479 2024 544 2086 tela
558 2022 729 2101 incolumis
743 2022 908 2105 religionis
928 2022 1049 2085 auxilio
1072 2023 1190 2087 rediuit
1212 2023 1432 2106 propitiosque
1448 2024 1520 2086 deos

365 2129 576 2195 renuntiauit.
601 2127 776 2192 nouissime
792 2152 866 2193 cum
881 2128 947 2193 iam
963 2129 1087 2193 obsidio
1102 2151 1161 2192 sua
1174 2130 1325 2192 barbaros
1340 2129 1519 2211 fatigasset,

365 2237 453 2299 mille
468 2237 575 2318 pondo
590 2234 660 2298 auri
674 2257 834 2299 recessum
849 2258 944 2301 suum
967 2237 1190 2311 uenditantes,
1214 2236 1311 2317 idque
1334 2234 1445 2316 ipsum
1466 2255 1520 2315 per
1540 2244 1567 2292 ιε

365 2342 583 2417 insolentiam,
600 2362 674 2403 oum
689 2343 730 2404 ad
744 2341 856 2423 iniqua
870 2344 1012 2423 pondera
1023 2342 1132 2406 addito
1148 2342 1253 2404 adhuc
1264 2341 1374 2423 gladio
1390 2340 1521 2422 insuper

362 2443 436 2510 ‘uae
452 2439 557 2511 uictis>
574 2446 787 2530 increparent,
812 2447 917 2510 subito
940 2451 1108 2531 adgressus
1130 2469 1150 2510 a
1164 2458 1254 2531 tergo
1270 2446 1430 2509 Camillus
1447 2448 1522 2509 adeo

364 2553 479 2616 cecidit
502 2564 539 2616 ut
560 2552 669 2615 omnia
689 2551 911 2617 incendiorum
933 2553 1072 2636 uestigia
1093 2552 1214 2617 Gallici
1234 2552 1403 2653 sanguinis
1426 2552 1520 2615 inun-

368 2659 497 2722 datione
513 2653 663 2722 deleret.u
689 2680 782 2741 agere
797 2659 916 2741 gratias
937 2659 986 2722 dis
1007 2658 1232 2721 inmortalibus
1248 2658 1319 2741 ipso
1335 2669 1447 2721 tantae
1462 2654 1567 2741 cla-[l]

366 2764 414 2826 dis
430 2763 560 2826 nomine
575 2765 665 2828 libet.
690 2775 855 2845 pastorum
869 2786 958 2827 casas
973 2764 1059 2847 ignis
1081 2764 1155 2839 ille,
1180 2776 1212 2828 et
1234 2766 1366 2828 flamma
1387 2786 1521 2847 pauper·
1539 2773 1567 2823 n

366 2882 466 2932 tatem
481 2869 614 2931 Romuli
630 2869 806 2932 abscondit.
831 2869 1017 2932 incendium
1038 2868 1121 2932 illud
1143 2869 1221 2951 quid
1242 2871 1309 2953 egit
1324 2869 1437 2947 aliud,
1461 2869 1523 2932 nisi

365 2986 403 3038 ut
418 2975 578 3038 destinata
599 2974 767 3036 hominum
790 2997 825 3037 ac
848 2977 980 3039 deorum
1004 2974 1165 3038 domicilio
1192 2973 1306 3037 ciuitas
1329 2996 1397 3037 non
1419 2977 1523 3039 deleta

366 3103 425 3143 nec
441 3081 574 3157 obruta,
599 3082 655 3143 sed
675 3080 803 3162 expiata
817 3081 924 3164 potius
940 3092 973 3143 et
987 3082 1124 3144 lustrata
1138 3079 1307 3143 uideatur?
1334 3079 1437 3162 igitur
1451 3091 1521 3163 post

367 3187 525 3249 adsertam
546 3209 566 3249 a
588 3186 730 3262 Manlio,
755 3187 937 3250 restitutam
960 3208 979 3249 a
1002 3186 1141 3249 Camillo
1161 3186 1274 3249 urbem
1298 3186 1405 3250 acrius
1428 3186 1522 3250 etiam

366 3291 653 3374 uehementiusque
669 3293 703 3356 in
713 3292 872 3355 finitimos
887 3291 1071 3355 resurrexit.
1540 3302 1567 3352 25

697 3496 796 3558 VIII.
817 3496 968 3558 BELLA
985 3496 1195 3560 GALLICA.

365 3691 413 3750 Ac
435 3688 575 3770 primum
602 3688 746 3751 omnium
772 3688 862 3753 illam
882 3689 986 3772 ipsam
1012 3689 1173 3753 Gallicam
1198 3700 1338 3772 gentem¹
1355 3713 1424 3755 non
1450 3713 1520 3754 con·

366 3803 474 3855 tentus
491 3788 677 3857 ”moenibus
691 3796 863 3878 expulisse,
877 3819 950 3859 cum
963 3818 1019 3878 per
1032 3795 1160 3858 Italiam
1171 3794 1341 3879 naufragia
1351 3818 1413 3859 sua
1423 3798 1518 3860 latius
1539 3795 1561 3857 I

368 3896 542 3972 traherent,
561 3897 606 3959 sic
621 3910 805 3980 persecutus
824 3912 872 3964 est
888 3903 968 3964 duce
981 3900 1131 3978 Camillo,
1149 3911 1186 3963 ut
1201 3900 1296 3963 hodie
1312 3904 1406 3966 nulla
1423 3904 1518 3967 Seno·

367 4022 446 4062 num
462 4002 599 4083 uestigia
614 4004 783 4085 supersint.
803 4008 901 4070 semel
917 4017 995 4090 aput
1010 4006 1169 4069 Anienem
1183 4006 1347 4084 trucidatI,
1365 4031 1441 4072 cum
1457 4007 1518 4071 sin·
1538 4017 1566 4067 30

365 4258 379 4306 3
394 4255 538 4308 uaecordia
550 4269 570 4308 Β
583 4258 591 4327 ΗΗ
605 4261 620 4308 4
634 4258 697 4327 igne
710 4270 736 4309 N
746 4258 754 4329 ΗΗ
768 4264 782 4311 5
797 4260 904 4312 credere
916 4272 935 4311 B
948 4259 959 4329 ΗΗ
971 4262 986 4311 8
998 4278 1065 4330 rupe
1073 4291 1107 4299 —
1118 4278 1222 4313 summa
1233 4279 1275 4313 om
1288 4273 1309 4313 B
1321 4261 1330 4330 Η
1347 4264 1379 4313 10
1390 4268 1461 4315 stato
1472 4261 1520 4315 Nb:

364 4347 467 4391 statuto
478 4353 513 4392 ΒΙ
525 4341 533 4410 ΗΗ
550 4342 667 4395 l3rediit
678 4356 699 4406 Ι,
714 4345 803 4397 reddit
815 4358 839 4397 N
850 4349 858 4415 ΗΗ
875 4349 905 4397 15
914 4345 997 4415 idque
1010 4376 1042 4384 --
1055 4352 1087 4397 ut
1099 4345 1189 4398 omnia
1200 4365 1242 4399 om
1253 4359 1269 4398 Ι
1280 4346 1289 4415 ΗΗ
1305 4346 1458 4417 ltinsuper
1469 4363 1517 4399 uae

364 4424 445 4477 uictis
456 4426 553 4494 scrqmi
563 4428 725 4479 Salmasiam
736 4436 856 4482 secutus:
876 4429 987 4499 insuper
998 4430 1078 4483 uictis
1089 4442 1122 4494 Β,
1138 4431 1252 4500 superbe
1264 4430 1346 4484 uictis
1357 4444 1385 4484 N
1395 4433 1404 4501 Η
1420 4436 1451 4485 18
1464 4449 1519 4485 cae-

365 4508 431 4561 cidit
442 4523 461 4561 Β
475 4510 483 4579 ΗΗ
499 4515 529 4563 la
542 4512 747 4566 inmundatione
759 4528 778 4566 Β
791 4515 799 4585 ΗΗ
818 4519 847 4568 21
862 4515 924 4568 illut
935 4527 961 4567 N
971 4516 980 4586 ΗΗ
994 4519 1026 4568 22
1039 4515 1206 4569 domicilium
1216 4528 1236 4569 Β
1249 4517 1258 4587 ΗΗ
1272 4520 1306 4569 24
1318 4516 1422 4571 amillio
1433 4532 1454 4571 Β
1466 4518 1475 4589 Η
1487 4520 1518 4570 25

365 4594 614 4736 υθοωοηΗὶυεᾳιιθό
634 4598 642 4667 ΗΗ
655 4598 761 4653 finimos
773 4614 792 4652 Β
810 4601 818 4670 ΗΗ
838 4605 870 4653 29
891 4606 1009 4653 tractent
1025 4614 1060 4664 Β,
1084 4608 1184 4653 traeret
1203 4601 1234 4665 b,
1261 4602 1383 4655 traheret
1400 4616 1427 4656 N
1437 4604 1446 4673 Η
1459 4603 1520 4655 duc

363 4683 438 4729 tante
458 4689 473 4729 Ι
490 4679 493 4746 Η
