3809 5534
808 587 1006 636 rmararro.
1374 578 1492 638 XXXV

322 763 390 806 non
412 740 506 817 licet,
529 760 588 823 pro
608 737 801 806 testimoniis
822 760 909 802 mere
930 737 1077 803 Liuianis
1098 738 1210 804 haberi
1228 738 1329 804 iubet.
1352 740 1492 824 denique

324 869 400 912 eum
416 848 530 910 Florus
542 846 695 916 damorte
710 844 748 907 C.
765 853 799 907 et
813 843 851 907 L.
868 845 1044 910 Caesarum
1061 855 1188 922 narret,
1205 866 1269 929 quo
1287 866 1388 930 usque
1404 845 1492 910 Liuii

323 954 423 1020 libros
438 974 505 1018 non
519 950 709 1035 processisse
725 971 765 1013 ex
780 949 928 1033 epitomis
943 950 1091 1028 illorum,
1117 972 1181 1035 quo
1196 950 1292 1017 unico
1307 950 1492 1016 testimonio

323 1059 375 1124 uti
389 1057 479 1135 licet,
500 1057 648 1134 efficitur,
665 1056 812 1122 Ritterus
826 1078 866 1119 ex
881 1078 918 1122 eo
931 1056 1002 1141 ipso
1016 1059 1103 1140 quod
1117 1057 1231 1124 Florus
1246 1056 1305 1145 has
1319 1079 1369 1121 res
1384 1067 1492 1122 narret

324 1188 380 1230 eas
395 1186 417 1230 a·
429 1163 529 1228 liuie
541 1185 668 1249 quoquo
690 1162 823 1228 traditas
838 1185 907 1228 esse
923 1174 961 1225 ut
972 1172 1126 1247 sequatur
1138 1163 1292 1247 postulat.
1309 1165 1349 1229 de
1359 1164 1421 1229 bac
1432 1163 1492 1250 igi·

324 1283 380 1335 tur
394 1291 428 1336 rc
444 1280 520 1333 ante
534 1290 632 1352 quam
646 1267 807 1334 iudicetur
819 1267 1000 1334 accuratius
1010 1270 1229 1351 quaerendum
1240 1290 1308 1333 esse
1319 1279 1419 1353 patet.
1436 1290 1492 1334 us·

323 1398 395 1441 reor
411 1386 521 1440 autem
535 1396 577 1438 ne
593 1373 707 1440 titulus
723 1374 827 1457 qualis
841 1374 877 1438 in
891 1374 1054 1440 codicibus
1061 1373 1180 1457 legitur
1189 1373 1294 1440 iubae
1305 1375 1492 1458 quaestione

324 1482 450 1548 nullius
465 1482 531 1545 fere
545 1479 701 1546 momenti
716 1479 769 1544 sit.
787 1480 936 1563 equidem
950 1491 1036 1545 certe
1050 1501 1117 1543 non
1132 1500 1264 1563 possum
1273 1480 1492 1565 mihiperr'ua·

325 1591 401 1653 dere
416 1607 492 1652 auur
507 1587 547 1650 ab
562 1585 632 1669 ipso
648 1586 742 1650 Floro
756 1586 838 1652 libro
854 1609 912 1651 ruo
926 1585 1105 1670 inpositum
1117 1606 1196 1662 esse,
1211 1607 1287 1650 euru
1297 1586 1332 1649 in
1344 1586 1493 1672 praefati·

325 1716 400 1770 one,
417 1692 475 1757 uhi
496 1693 536 1755 de
556 1691 690 1756 consilio
712 1692 815 1776 operis
837 1714 856 1756 a
874 1714 909 1755 se
928 1691 1070 1777 suscepti
1092 1690 1172 1775 agit,
1196 1713 1238 1755 ne
1251 1693 1350 1757 uerbo
1363 1692 1493 1777 quidem

325 1798 417 1864 Liuii
431 1796 631 1873 meminerit,
655 1798 742 1879 quod
756 1798 858 1862 facere
873 1797 1002 1874 debuit,
1027 1796 1056 1861 si
1070 1818 1146 1862 eum
1159 1807 1325 1881 tamquam
1339 1798 1461 1862 fontem
1476 1819 1494 1861 e

325 1925 392 1988 quo
408 1926 467 1967 sua
482 1902 593 1968 omnia
604 1903 748 1968 hauserit
763 1902 941 1968 existimari
956 1902 1072 1967 uoluit.
1096 1902 1178 1969 illud
1192 1925 1270 1970 uero
1285 1925 1352 1972 non
1366 1903 1496 1968 uidetur

327 2009 468 2074 dubitari
482 2030 594 2093 posse,
617 2008 696 2092 quin
718 2018 888 2093 postquam
908 2009 996 2074 Flori
1015 2008 1124 2075 libello
1145 2009 1260 2074 titulus
1281 2009 1440 2095 epitomae
1454 2011 1495 2074 de

328 2116 368 2181 Τ.
388 2114 484 2179 Liuio
498 2113 714 2197 praescriptus
729 2114 805 2191 fuit,
823 2136 900 2178 uera
914 2114 973 2179 illa
987 2113 1119 2177 Liuiani
1134 2114 1238 2200 operis
1254 2114 1406 2200 epitoma,
1423 2114 1493 2194 siue

327 2219 495 2304 periochas
518 2219 632 2284 dicero·
645 2218 762 2296 mauis,
787 2221 829 2284 ad
849 2221 982 2285 Florum
1003 2219 1190 2297 referretur,
1207 2220 1394 2303 praesertim
1419 2240 1494 2283 cum

328 2336 464 2409 uterque
478 2323 606 2390 libellus
621 2346 687 2389 uno
702 2326 868 2391 uolumine
883 2323 1037 2408 coniungi
1059 2325 1185 2390 soleret.
1217 2336 1360 2391 ceterum
1380 2325 1495 2392 discre-

329 2430 455 2514 pantia,
471 2451 553 2513 quae
568 2429 687 2513 ubique
702 2431 787 2495 inter
802 2440 831 2498 B
845 2443 879 2495 et
892 2438 930 2496 N
941 2430 1130 2507 intercedit,
1147 2430 1245 2496 etiam
1259 2430 1295 2495 in
1310 2431 1405 2496 titulo
1420 2452 1496 2502 con·

329 2534 475 2619 spicitnr.
509 2556 605 2617 quam
627 2541 665 2598 N
681 2535 869 2620 simpliciter
889 2536 1058 2620 epitomem
1078 2538 1118 2602 de
1144 2539 1181 2601 Τ.
1197 2536 1296 2601 Liuio
1318 2547 1432 2615 uccat,
1458 2559 1497 2601 ea

330 2640 513 2706 accuratius
536 2640 572 2704 in
592 2649 622 2704 B
646 2640 833 2706 inscribitur
860 2642 996 2725 epitoma
1017 2644 1056 2705 de
1079 2644 1116 2705 T.
1139 2640 1238 2706 Liuio
1259 2642 1411 2706 bellorum
1432 2663 1496 2707 om·

330 2746 419 2810 aiom
440 2768 598 2812 concrum
619 2746 897 2832 ceptinqeoteram.
936 2748 1016 2812 haec
1044 2744 1229 2833 inscriptio,
1262 2768 1458 2830 quamquam
1478 2769 1498 2811 a

330 2852 427 2918 Floro
440 2851 487 2914 ita
501 2850 642 2935 proiecta
657 2874 724 2917 esse
739 2852 826 2918 credi
840 2875 907 2917 non
920 2862 1044 2937 potest,
1068 2863 1178 2918 tamen
1196 2874 1263 2918 uon
1278 2851 1383 2917 solum
1397 2852 1498 2917 umbi-

330 2970 403 3022 tum
424 2966 510 3022 recte
533 2955 699 3040 designat,
728 2959 785 3021 sed
805 2959 1106 3024 commemoratione
1135 2959 1293 3024 bellorum
1315 2958 1460 3026 ordinem
1480 2982 1500 3024 a

330 3062 693 3147 scriptore-institutum
715 3063 804 3127 haud
825 3063 935 3147 inepte
963 3064 1096 3128 indicat.
1128 3086 1243 3128 uerum
1263 3065 1343 3130 haee
1369 3086 1419 3129 res
1439 3087 1498 3129 uos
1614 3121 1617 3127 .

331 3169 394 3233 alio
410 3167 512 3234 ducit.

418 3274 582 3339 Codicum
590 3274 680 3340 enim
695 3273 823 3339 diuersa
845 3273 934 3359 origo
958 3297 996 3339 ea
1016 3297 1142 3360 quoque
1163 3297 1197 3339 re
1220 3275 1379 3355 cernitur,
1413 3278 1500 3361 quod

331 3380 421 3446 Flori
443 3402 524 3464 opus
550 3380 677 3468 diuerso
702 3381 798 3444 modo
825 3379 862 3441 in
887 3379 985 3445 libros
1008 3391 1041 3445 et
1060 3381 1168 3466 capita
1193 3381 1410 3466 distinguunt.
1446 3389 1501 3463 Νς

331 3496 485 3570 quattuor
498 3485 597 3552 libros
617 3485 757 3552 habent:
790 3507 985 3569 quamquam
1005 3508 1109 3570 neque
1130 3485 1167 3550 hi
1186 3486 1272 3550 inter
1291 3508 1325 3550 se
1339 3486 1499 3550 consenti·

331 3601 393 3655 unt
399 3616 410 3669 3
435 3613 514 3657 nam
535 3591 701 3671 §initium
717 3589 804 3655 tertii
825 3590 900 3655 libri
914 3591 1057 3669 faciunt,
1081 3591 1138 3655 ubi
1158 3590 1194 3653 in
1213 3598 1251 3654 N
1269 3590 1401 3654 secundi
1421 3590 1499 3654 nlti-

331 3719 424 3762 mum
439 3707 538 3782 caput
550 3696 666 3781 incipit
686 3719 709 3780 p
726 3702 779 3774 56,
797 3702 850 3774 26,
868 3706 900 3759 et
920 3696 1026 3780 quarti
1044 3695 1177 3760 initium
1190 3694 1295 3759 medio
1316 3696 1381 3759 fere
1405 3696 1499 3762 tertio

331 3804 368 3868 in
381 3810 421 3868 N
430 3824 453 3887 p
471 3809 522 3880 79,
541 3808 627 3881 2„-eo
642 3802 713 3886 ipso
734 3803 821 3879 loco,
846 3824 909 3885 quo
930 3802 966 3865 in
981 3810 1011 3864 B
1030 3802 1191 3866 secundus
1211 3800 1292 3866 liber
1313 3800 1439 3887 incipit.
1471 3809 1501 3866 B

331 3909 422 3974 anim
437 3918 542 3974 totum
556 3930 636 3993 opus
650 3908 687 3972 in
701 3908 781 3972 duos
795 3908 894 3972 libros
908 3906 1095 3994 dispescuit.
1126 3906 1214 3970 hune
1236 3917 1401 3991 tamquam
1416 3907 1499 3973 anti·

331 4013 524 4099 qrrissimum
539 4024 654 4089 testem
669 4024 798 4079 secutus
814 4035 904 4089 sum,
927 4034 1120 4098 quamquam
1143 4034 1334 4098 persuasum
1355 4013 1438 4078 mihi
1452 4023 1501 4077 est

331 4121 465 4186 Florum
480 4120 598 4184 librum
612 4141 711 4184 suum
723 4141 828 4203 neque
844 4119 904 4183 hoc
926 4140 1030 4202 neque
1050 4118 1108 4182 illo
1127 4121 1223 4183 modo
1245 4118 1414 4195 diuisirse,
1435 4139 1501 4201 qua

331 4228 372 4292 do
394 4249 430 4291 ro
444 4226 512 4290 iam
526 4224 651 4292 Titaius
664 4236 749 4289 recte
765 4225 933 4290 iudicauit.
958 4246 1064 4309 neque
1085 4224 1120 4288 in
1135 4225 1294 4310 capitibus
1315 4220 1500 4288 ordinandis

330 4332 458 4398 codices
472 4331 557 4397 inter
571 4354 605 4396 se
620 4330 839 4396 consentiunt.
864 4352 921 4414 pro
942 4307 1166 4414 antiquissimo
1181 4327 1364 4395 testimonio
1379 4327 1499 4391 haben·

331 4440 393 4504 dus
408 4446 459 4502 est
473 4436 572 4502 iudex
587 4437 749 4522 capitum,
772 4434 879 4519 quiin
892 4444 922 4498 B
937 4435 1065 4520 utrique
1080 4436 1161 4500 libro
1176 4433 1412 4519 praemittitur,
1428 4453 1499 4498 mu·

332 4544 445 4620 tilatus
466 4542 494 4608 is
514 4542 645 4627 quidem
660 4579 701 4590 -
716 4562 794 4605 nam
814 4562 835 4624 p
852 4547 888 4617 4,
910 4549 946 4606 15
969 4542 1091 4605 bellum
1112 4539 1291 4604 Achaicum
1313 4550 1346 4602 ct
1364 4562 1387 4626 p
1410 4547 1463 4617 77,
1482 4548 1498 4601 7

333 4648 384 4714 Ti.
409 4648 551 4714 Gracchi
574 4649 689 4714 seditio
717 4645 847 4712 silentio
874 4656 1118 4729 praetereuntur
1145 4683 1184 4694 —
1212 4647 1269 4710 sed
1296 4645 1502 4730 neglegentia

1230 4761 1296 4817 111·
