3809 5534
818 612 1016 661 ratrammo.
1207 605 1210 612 '
1435 602 1509 661 XLI

346 787 401 852 qne
423 767 460 830 irr
482 764 706 830 codiooaliter
729 763 849 849 legitur
869 772 1016 829 accurata
1038 765 1231 843 adscribam,
1254 765 1318 830 nisi
1345 767 1432 851 quod
1453 789 1507 832 eos

346 876 424 939 locos
441 874 597 937 adnotare
612 869 718 948 omisi,
734 870 853 954 quibus
867 893 885 935 a
900 881 933 935 et
947 894 986 935 aa
1000 871 1085 936 inter
1100 895 1134 936 se
1148 881 1398 938 commutantur.

371 1125 375 1134 ·
485 1096 523 1158 P·
542 1093 691 1156 ANNII·
710 1090 859 1156 FLORI·
882 1092 1134 1158 VIRGILIVS·
1152 1093 1351 1159 ORATOR·
1368 1094 1432 1159 AN

835 1229 930 1302 poeta
944 1218 1070 1304 incipit.

402 1407 556 1493 capienti
577 1406 658 1471 mihi
681 1405 823 1489 quietem
844 1405 879 1468 in
906 1406 1027 1490 templo
1054 1417 1086 1471 et
1107 1407 1253 1474 saucium
1268 1406 1382 1493 uigilia
1402 1411 1508 1492 capud

401 1514 616 1601 plurimarum
644 1514 793 1577 arborum
814 1513 1026 1592 amoenitate,
1057 1513 1240 1599 euriporum
1261 1515 1396 1598 frigore,
1425 1514 1506 1578 aeris

380 1634 395 1683 5
407 1621 558 1685 libertate
573 1617 730 1682 recreanti
745 1617 874 1681 obuiam
889 1619 996 1683 subito
1008 1618 1140 1703 quidam
1154 1620 1254 1698 fuere,
1272 1641 1351 1704 quos
1367 1620 1407 1683 ab
1418 1620 1506 1683 urbis

402 1726 583 1810 spectaculo
597 1724 760 1788 Baeticam
771 1735 968 1790 reuertentes
983 1726 1112 1791 sinister
1125 1725 1252 1790 Africae
1267 1736 1384 1790 uentus
1399 1726 1433 1788 in
1445 1726 1507 1789 hoc

400 1833 481 1896 litus
497 1840 690 1914 excusserat.
723 1854 859 1914 quorum
873 1855 977 1909 unus,
999 1832 1051 1896 uir
1065 1843 1103 1896 ut
1116 1842 1227 1916 postca
1242 1831 1392 1915 apparuit
1405 1831 1506 1896 literis

400 1938 622 2022 pereruditus,
647 1938 752 2002 subito
775 1940 817 2002 ad
830 1960 881 2001 me
897 1938 1051 2002 conuenit
1066 1950 1098 2000 ct
1109 1930 1222 2002 ‘salue'
1238 1931 1503 2022 inquid‘hospes.

399 2044 465 2109 nisi
479 2045 650 2108 molestum
665 2054 732 2122 est,
757 2044 808 2107 dic
828 2065 947 2108 nomen
971 2054 1063 2107 tuum
1069 2069 1078 2119 ;
1107 2065 1184 2107 nam
1204 2041 1312 2107 nescio
1325 2031 1405 2128 ‘quid
1421 2045 1507 2109 oculi

360 2162 392 2213 1⁰
402 2151 469 2213 mei
484 2160 671 2213 ammonent
692 2158 725 2213 et
739 2149 831 2233 quasi
851 2172 908 2234 per
930 2148 1080 2213 nubilum
1102 2159 1133 2212 te
1154 2142 1370 2238 recognosco'
1402 2144 1506 2218 ‘Quid

373 2297 376 2302 -
400 2248 504 2320 istici'
520 2255 665 2339 inquam.
694 2249 840 2319 ‘Florum
856 2256 967 2332 uides,
984 2256 1117 2319 fortasse
1132 2264 1164 2317 et
1180 2254 1337 2333 audieris,
1354 2253 1381 2319 si
1398 2266 1506 2319 tamen

400 2362 437 2424 in
460 2362 517 2426 illo
539 2361 623 2424 orhis
651 2369 806 2424 terrarum
833 2362 1047 2425 conciliabulo
1074 2362 1134 2426 sub
1153 2357 1342 2425 Domitiano
1361 2361 1505 2446 principe

398 2466 529 2531 crimini
543 2477 653 2530 nostro
668 2459 824 2530 adfuisti’
848 2479 881 2532 et
896 2468 1049 2532 Baeticus
1061 2461 1153 2548 ‘tune
1165 2459 1208 2531 es’
1224 2465 1339 2551 inquid
1350 2461 1405 2531 ‘ex
1419 2470 1505 2533 Afri-

400 2596 457 2650 ca,
475 2594 571 2657 quem
589 2593 715 2636 summo
738 2595 895 2638 consensu
918 2572 1145 2658 poposcimus?
1167 2571 1272 2635 inuito
1284 2573 1413 2656 quidem
1426 2576 1505 2637 Cae-

359 2693 390 2743 15
403 2701 475 2743 sare
496 2688 530 2752 et
554 2679 738 2756 resistente,
770 2701 837 2742 non
860 2682 945 2763 quod
972 2678 1032 2743 tibi
1056 2699 1155 2761 puero
1176 2677 1355 2755 inuideret,
1380 2680 1437 2741 sed
1462 2701 1504 2741 nc

398 2786 513 2850 Africa
526 2805 675 2849 coronam
691 2784 803 2868 magni
819 2784 907 2849 Iouis
923 2776 1119 2868 attingeret?
1135 2805 1303 2867 quaecum
1317 2805 1368 2847 me
1379 2784 1504 2848 uideret

398 2893 843 2975 uerecundeagnoscentem,
860 2891 895 2953 in
911 2891 1097 2974 amplexum
1111 2890 1286 2954 effunditur
1301 2900 1333 2953 et
1344 2882 1439 2953 ‘ama'
1456 2889 1505 2972 in·

372 3039 374 3044 r
399 2997 480 3081 quid
491 2990 604 3081 ‘igitur
623 2998 782 3060 fautorem
797 2989 913 3060 tuum?
940 2991 1068 3081 ‘quidni
1083 2988 1228 3060 amemi’
1249 3006 1281 3060 et
1295 2989 1397 3061 manu
1410 2997 1504 3062 alter-

397 3112 512 3166 utrum
530 3111 676 3167 tenentes
704 3101 889 3166 auidissima
914 3110 1099 3166 nascentem
1123 3100 1298 3165 amicitiam
1323 3101 1505 3168 foederaba-

357 3220 388 3272 20
398 3229 488 3286 mus,
504 3229 579 3272 cnm
587 3207 649 3272 ille
659 3209 792 3273 interim
801 3207 894 3271 breui
904 3206 1075 3271 interuallo
1090 3229 1169 3271 usus
1180 3202 1227 3272 ‘et
1238 3207 1317 3293 quid
1329 3199 1375 3273 tu'
1391 3209 1506 3293 inquid

394 3311 551 3380 ‘tamdiu
566 3315 601 3378 in
616 3316 678 3378 hac
691 3313 878 3399 prouincia?
901 3313 1012 3376 necin
1027 3324 1170 3377 nostram
1183 3314 1349 3378 Baeticam
1364 3315 1504 3380 excurris

395 3444 457 3485 nec
472 3422 585 3484 cubem
599 3420 691 3483 illam
705 3420 830 3496 reuisis,
850 3418 906 3483 ubi
921 3441 1032 3483 uersus
1048 3420 1097 3484 tui
1112 3443 1132 3483 a
1145 3420 1317 3483 lectoribus
1329 3420 1504 3483 concinun-

382 3526 548 3592 taretin
563 3527 631 3590 foro
647 3525 735 3589 omni
750 3524 945 3589 clarissimus
967 3523 1023 3589 ille
1038 3526 1078 3590 de
1093 3526 1196 3590 Dacia
1217 3515 1398 3608 triumphus
1413 3527 1503 3590 exul·

395 3633 464 3697 tert
489 3639 623 3716 potesne
636 3645 712 3695 cum
726 3632 787 3695 hoc
803 3631 959 3717 singulari
973 3630 1104 3715 ingenio
1129 3642 1281 3714 tantaque
1302 3641 1417 3695 natura
1431 3653 1504 3714 pro·

356 3750 386 3803 tt
397 3739 574 3803 uincialem
588 3738 745 3801 latebram
759 3737 849 3820 pati?
872 3737 955 3800 nihil
972 3747 1002 3800 te
1017 3736 1131 3799 caritas
1145 3736 1251 3813 urbis,
1268 3735 1352 3799 nihil
1366 3736 1422 3800 ille
1437 3736 1504 3801 uic·

396 3856 446 3910 tor
460 3844 609 3929 gentium
622 3845 779 3928 populus,
798 3842 882 3907 nihil
898 3853 1027 3907 senatus
1042 3842 1171 3906 mouet?
1193 3843 1277 3907 nihil
1292 3842 1431 3928 denique
1445 3846 1505 3909 lux

395 3962 429 4015 et
442 3952 552 4035 fulgor
565 3950 668 4014 felicis
683 3949 798 4034 inpari,
812 3950 868 4034 qui
883 3950 918 4013 in
930 3971 964 4013 se
976 3950 1060 4033 rapit
1075 3960 1171 4032 atque
1186 3948 1344 4012 conuertit
1359 3939 1513 4015 omnium

393 4057 503 4122 oculos
526 4056 697 4121 hominum
719 4078 756 4119 ac
778 4047 944 4120 deoruml'
977 4065 1072 4138 atque
1104 4076 1162 4139 ego
1189 4055 1278 4119 uarie
1298 4058 1504 4139 perturbatus

397 4364 546 4435 3quictem
558 4363 613 4416 odd
624 4363 785 4433 Schopent'ua
798 4364 807 4434 ll
821 4366 835 4415 5
849 4364 917 4417 aeris
937 4363 1096 4417 salubritate
1109 4363 1271 4433 Schopem‘m
1283 4362 1292 4433 ll
1306 4364 1321 4412 6
1340 4360 1432 4413 affrica
1445 4360 1454 4429 ΙΙ
1470 4363 1500 4412 10

398 4454 425 4502 te
436 4448 491 4502 odd
510 4449 674 4517 Schopmiua
687 4450 695 4519 ΙΙ
711 4453 742 4503 tr
760 4449 912 4502 domiciano
925 4450 934 4520 ll
950 4453 981 4503 13
1000 4448 1113 4518 affricet}
1135 4452 1167 4502 16
1184 4448 1277 4502 Africa
1295 4463 1422 4499 coronam
1439 4446 1501 4499 Rit-

398 4533 528 4588 scaelus:
547 4535 638 4589 affrice
651 4533 771 4605 coronal}
787 4537 817 4588 18
831 4552 941 4588 manum
955 4535 964 4605 u
980 4538 1010 4589 19
1019 4535 1167 4588 amiciciam
1179 4533 1189 4604 ll
1202 4538 1235 4587 24
1247 4540 1360 4603 potesne
1369 4550 1410 4581 ns
1422 4532 1501 4585 codex

399 4616 425 4669 in
436 4637 488 4689 quo
499 4618 630 4688 amptum
642 4625 702 4673 erat
718 4620 769 4673 hoc
783 4618 792 4690 l
805 4623 837 4672 25
850 4619 938 4674 uictor
950 4619 1005 4674 add
1015 4620 1186 4685 Ritacltals'as,
1200 4619 1229 4672 in
1240 4616 1326 4672 codice
1338 4616 1393 4670 aius
1406 4618 1461 4671 loro
1472 4624 1500 4671 tc

400 4720 504 4757 aarum
517 4708 558 4758 est
569 4702 578 4775 ΙΙ
592 4707 624 4759 26
637 4705 764 4775 gencium
777 4704 786 4775 [Ι
