3809 5534
378 595 438 657 102
868 611 940 656 rvur
955 611 1053 657 ruonr

375 761 545 845 recepisset
566 762 602 824 in
622 760 763 846 regiam
789 760 961 844 magnifiee
986 762 1137 845 epulatus
1159 772 1208 825 est
1232 773 1362 846 postero
1383 761 1438 824 die
1459 783 1534 825 crim

377 867 505 931 Petreio
518 868 615 951 fugae
629 865 746 930 comite
761 887 919 950 superque
933 888 1061 931 mensas
1081 878 1115 931 et
1134 868 1253 951 pocula
1270 866 1533 931 interficiendum

318 959 325 968 ⁶
375 993 409 1036 se
423 972 454 1035 ei
468 972 627 1056 praebuit.
650 971 707 1034 ille
721 972 835 1055 θεῷ
855 972 984 1035 suffecit
1005 983 1038 1036 et
1059 972 1139 1050 sibi,
1163 994 1237 1036 oum
1257 971 1389 1035 interim
1418 973 1532 1037 semesi

374 1076 410 1139 in
437 1077 544 1140 medio
572 1076 636 1139 cibi
662 1086 696 1140 et
720 1076 900 1160 parentalia
926 1078 1047 1141 {merula
1072 1079 1162 1162 regio
1191 1079 1288 1143 simul
1315 1079 1532 1161 Romanoque

375 1180 536 1264 sauguine
549 1182 735 1245 madebant.
763 1184 845 1246 Cato
859 1203 927 1246 non
941 1183 1089 1246 interfuit
1102 1185 1199 1247 bello.
1228 1182 1343 1267 positis
1366 1194 1448 1266 aput
1468 1186 1531 1247 Ba·
1549 1197 1568 1246 b

374 1289 508 1371 gradem
528 1287 639 1351 eastris
660 1287 789 1352 Vticam
810 1287 903 1352 uelut
924 1290 1026 1352 altera
1046 1289 1175 1352 Africae
1200 1290 1340 1353 elaustm
1366 1291 1528 1353 mahat.

375 1396 432 1458 sed
454 1403 585 1476 aecepta
597 1392 740 1477 partium
761 1393 852 1457 clade
872 1394 956 1457 nihil
978 1405 1149 1458 cunctatus
1171 1405 1220 1457 est
1242 1405 1293 1470 et,
1323 1405 1362 1458 ut
1382 1394 1530 1477 sapiente

374 1498 511 1581 dignum
524 1508 611 1574 erat,
635 1509 772 1563 mortem
792 1501 854 1564 sibi
874 1500 974 1564 etiam
988 1501 1092 1564 laetus
1107 1499 1235 1563 asciuit.
1259 1519 1338 1561 nam
1357 1510 1531 1582 postquam

283 1611 286 1616 ’
373 1604 478 1667 filium
492 1605 689 1688 comitesque
703 1606 743 1668 ab
758 1607 910 1689 amplexu
922 1606 1059 1682 dimisit,
1074 1605 1110 1667 in
1124 1616 1253 1669 noctem
1272 1604 1356 1667 lecto
1370 1606 1414 1666 ad
1428 1605 1530 1668 lucer·

374 1731 450 1772 nam
472 1709 619 1774 Platonis
640 1711 722 1773 libro
748 1711 804 1793 qui
824 1711 1086 1775 inmortalitatem
1108 1710 1235 1772 animae
1256 1711 1368 1785 docet,
1391 1711 1530 1793 paulum
1549 1723 1574 1772 1

374 1814 475 1897 quieti
490 1816 579 1879 dedit
586 1839 596 1891 3
614 1825 693 1878 tunc
707 1816 791 1879 eirea
800 1816 937 1899 primam
947 1816 1096 1899 uigiliam
1107 1815 1217 1878 stricto
1227 1815 1336 1897 gladio
1347 1817 1530 1880 reuelatum

373 1932 486 2001 pectus
502 1922 601 1984 semel
614 1921 794 2005 itemmque
814 1922 983 2006 percussit.
1009 1920 1080 1984 ausi
1101 1931 1176 2003 post
1193 1920 1258 1983 hoe
1279 1920 1389 1983 uirum
1412 1920 1530 1984 medici

373 2023 495 2087 uiolare
509 2026 670 2090 fomentis.
701 2027 759 2090 ille
772 2049 903 2111 passus,
920 2029 998 2090 dum
1014 2028 1238 2101 abscederent,
1260 2026 1392 2089 rescidit
1414 2027 1528 2110 plagas

372 2141 546 2213 secutaque
560 2133 596 2196 ui
610 2132 777 2216 sanguinis
792 2132 998 2196 moribundas
1013 2151 1128 2194 manus
1149 2130 1184 2193 in
1206 2130 1277 2215 ipso
1298 2132 1431 2195 uolnere
1451 2132 1526 2196 reli·

372 2234 455 2319 quit,
472 2240 558 2319 quod
573 2238 643 2321 ipse
655 2239 706 2303 bis
721 2239 850 2301 fecerat,
1553 2245 1574 2299 1

457 2343 559 2410 Quasi
573 2362 752 2426 numquam
766 2354 848 2406 esset
863 2342 1064 2418 dirrrieatum,
1081 2342 1127 2405 sie
1138 2361 1226 2404 arma
1236 2360 1348 2405 mrsus
1359 2353 1394 2406 et
1404 2354 1525 2427 partes,

371 2459 556 2531 quanteque
570 2448 679 2512 Africa
695 2467 792 2532 supra
805 2449 1007 2511 Thessaliam
1020 2447 1102 2523 firit,
1125 2457 1216 2510 tanto
1230 2448 1375 2511 Africam
1397 2469 1526 2531 supera-

370 2552 427 2615 bat
442 2549 615 2637 Hispania.
644 2552 820 2635 plurimum
835 2564 993 2636 quantum
1006 2552 1126 2616 fauoris
1139 2554 1286 2635 partibus
1299 2555 1400 2616 dabat
1413 2554 1524 2617 frater·

370 2656 457 2721 nitas
472 2660 591 2723 ducum
604 2668 637 2722 et
651 2679 709 2743 pro
730 2680 796 2723 uno
817 2660 899 2722 duos
919 2668 1003 2722 stare
1024 2659 1206 2743 Pompeios.
1230 2659 1341 2741 itaque
1363 2679 1525 2743 nusquam

372 2762 508 2827 atrocius
523 2785 583 2827 nee
598 2776 663 2831 tam
678 2764 814 2849 ancipiti
828 2759 933 2828 Marte
948 2782 1138 2828 concursum
1159 2774 1219 2827 est.
1243 2764 1385 2847 primum
1405 2764 1525 2848 inipso
1543 2772 1572 2823 tt

371 2868 453 2930 ostio
468 2869 590 2932 Oceani
604 2871 710 2933 Varus
725 2868 905 2951 Didiusque
926 2868 1027 2951 legati
1048 2869 1231 2933 conflixere.
1263 2871 1320 2933 sed
1341 2870 1448 2934 aerius
1462 2870 1524 2933 suit

370 2994 445 3035 cum
459 2972 528 3055 ipso
543 2974 625 3036 masi
639 2995 736 3057 quam
750 2972 835 3036 inter
851 2995 891 3036 se
911 2974 1052 3038 nauibus
1072 2974 1213 3049 bellum3
1245 2973 1408 3057 siqnidem
1435 2974 1524 3059 quasi

369 3077 508 3141 furorem
523 3078 645 3142 ciuium
659 3079 830 3163 castigaret
843 3080 993 3142 Oceanus
1015 3089 1185 3162 utramque
1205 3079 1341 3143 classem
1354 3080 1522 3163 naufragio

369 3182 495 3249 cecidit.
514 3183 646 3269 quinam
661 3185 716 3248 ille
731 3186 852 3260 horror,
869 3206 944 3247 eum
958 3186 1071 3247 eodem
1081 3195 1224 3269 tempore
1233 3185 1354 3249 fluctus
1363 3186 1521 3269 proeellas

369 3288 433 3354 uiri
457 3309 558 3353 naues
580 3301 779 3353 armamenta
799 3290 1023 3372 confligerent!
1049 3291 1131 3353 adde
1153 3290 1234 3353 situs
1254 3290 1358 3373 ipsius
1378 3290 1558 3355 formidi-tt

367 3415 461 3470 nem,
489 3394 657 3478 uergentia
676 3394 712 3457 in
732 3415 853 3471 unum,
881 3394 959 3457 hine
981 3395 1180 3478 Hispaniae,
1207 3396 1284 3459 inde
1305 3396 1522 3461 Mauritaniae

367 3499 480 3576 litora,
504 3522 593 3563 mare
606 3511 639 3563 et
653 3500 845 3565 intestinum
859 3510 893 3564 et
903 3510 1073 3563 externum
1092 3499 1353 3583 inminentesque
1370 3502 1521 3566 Heredis

367 3606 531 3690 maculas,
548 3627 623 3672 cum
637 3607 746 3670 omnia
760 3607 904 3689 undique
919 3605 1016 3668 simul
1029 3604 1151 3696 proelio
1164 3616 1197 3668 et
1211 3616 1406 3688 tempestate
1420 3606 1519 3671 saeui·

366 3720 449 3776 rent.
484 3733 561 3776 mox
586 3712 669 3777 muca
695 3713 893 3777 obsidionem
918 3711 1048 3774 urbium
1068 3709 1230 3792 utrimque
1250 3710 1435 3776 discursum
1459 3722 1517 3787 est,

368 3833 449 3898 quae
474 3816 608 3880 miserae
633 3818 718 3882 inter
743 3820 801 3884 hos
825 3829 921 3900 atque
943 3815 1016 3877 illos
1041 3817 1138 3878 duces
1164 3813 1327 3879 societatis
1353 3817 1555 3881 Rommaell

369 3999 381 4049 1
395 3997 471 4067 regia
482 4010 500 4049 B
513 3999 522 4069 ΙΙ
535 4009 577 4053 est
588 4018 630 4052 ons
641 4013 667 4054 N
677 4001 685 4073 l}
698 4004 713 4054 3
727 4000 826 4054 sufficit
842 4012 866 4052 N
877 3999 886 4069 [l
899 3999 1014 4052 semensi
1025 3998 1069 4068 Nl
1082 4003 1098 4051 4
1111 3998 1165 4052 eiui
1176 3997 1220 4067 Nss
1232 3997 1354 4069 pericula
1365 4017 1436 4071 quae
1448 3999 1518 4070 regio

365 4094 385 4137 B
398 4083 407 4152 υ
421 4087 435 4135 5
448 4083 598 4155 positisque
609 4098 634 4138 N
645 4087 653 4156 11
668 4091 683 4139 6
695 4085 782 4139 ueluti
793 4098 812 4138 B
825 4086 834 4155 1]
847 4085 944 4137 africae
965 4093 1051 4136 eastra
1062 4096 1082 4137 N
1094 4084 1103 4153 ll
1117 4087 1131 4135 7
1145 4090 1186 4136 est
1198 4089 1226 4136 et
1236 4081 1351 4151 aerspss':
1372 4092 1415 4138 est
1426 4098 1462 4149 B,
1480 4101 1519 4136 om

364 4167 438 4239 NH&
457 4167 509 4222 sibi
526 4187 568 4222 om
579 4181 604 4223 N
615 4169 624 4240 fl
637 4173 652 4223 9
663 4170 736 4223 illius
747 4181 767 4223 N
779 4171 788 4241 Ι]
801 4177 881 4222 nocte
892 4180 916 4221 N
927 4170 936 4237 Η
950 4170 980 4218 11
997 4167 1101 4237 quieuit
1118 4170 1177 4220 tani
1195 4164 1240 4235 Nl}
1252 4165 1358 4219 mietio
1377 4168 1460 4240 gadis
1471 4168 1518 4238 Nl

364 4254 514 4309 reueletum
526 4271 608 4308 manu
621 4261 747 4327 peccatur
759 4256 802 4326 Nil
819 4259 847 4308 ll
861 4254 903 4308 uis
915 4252 959 4322 Nil
972 4252 1115 4306 uulneres
1128 4252 1137 4322 ῃ
1156 4250 1274 4321 reliquid
1290 4252 1336 4322 Nfl
1351 4254 1384 4305 15
1398 4253 1472 4326 qued
1488 4281 1519 4292 -

364 4338 465 4392 fecerat
476 4358 518 4392 om
530 4339 574 4411 ΝΗ
589 4343 620 4393 tt
634 4339 712 4412 quasi
724 4355 779 4392 non
791 4347 862 4393 esset
873 4355 988 4409 usquam
997 4336 1153 4390 dimicatum
1169 4347 1194 4389 N
1203 4335 1214 4405 i
1229 4338 1260 4387 l'!
1277 4333 1423 4391 thesaliam
1435 4338 1476 4407 bl
1491 4339 1518 4389 ts

365 4423 419 4476 duo
431 4435 456 4477 N
466 4423 475 4494 ss
488 4426 519 4477 'll
533 4423 623 4479 hostio
635 4437 654 4479 Β
667 4425 676 4496 ll
689 4424 783 4477 oceani
796 4424 811 4476 b
824 4425 833 4494 ss
846 4423 938 4477 uarius
955 4435 975 4475 N
987 4422 996 4492 ll
1008 4423 1042 4474 22
1060 4422 1138 4475 uelut
1154 4420 1273 4473 tererem
1293 4420 1414 4475 ciuicnm
1430 4424 1474 4494 'Nu
1487 4424 1516 4474 23

364 4508 447 4562 classe
459 4521 478 4563 Β
491 4510 500 4580 ss
513 4512 546 4564 24
563 4507 690 4564 fluctibus
702 4519 730 4573 Ν,
743 4509 848 4562 fluctus
859 4508 903 4577 Nn
917 4511 949 4559 25
962 4523 1037 4559 arma
1047 4514 1080 4559 et
1091 4512 1212 4559 armenta
1222 4516 1242 4560 Β
1254 4503 1420 4575 lsdesitirus
1430 4506 1475 4576 Nn
1488 4509 1517 4558 26

363 4594 489 4662 urgentia
504 4606 524 4648 B
541 4594 551 4665 ll
568 4595 718 4665 inispaniae
729 4606 748 4647 Β
760 4594 770 4665 ii
782 4592 941 4646 moritaniae
962 4593 976 4644 b
989 4592 998 4661 ῃ
1011 4594 1043 4643 27
1064 4598 1201 4645 esternum
1219 4601 1238 4643 Β
1251 4590 1260 4660 fl
1272 4594 1306 4644 28
1321 4599 1355 4645 et
1373 4610 1417 4645 om
1433 4594 1473 4661 Nl
1486 4591 1515 4643 ⁴29

365 4676 518 4731 obsidiones
529 4690 554 4731 N
564 4678 573 4749 il
587 4683 619 4731 30
631 4697 721 4733 romae
732 4690 752 4733 B
764 4678 774 4750 fl
