3809 5534
457 598 503 669 50,
962 613 1031 657 rvnr
1047 613 1144 658 rnorn

454 768 541 850 quod
554 788 612 849 pro
634 764 680 828 rei
708 763 874 829 atrocitate
900 764 979 828 adeo
1006 762 1109 826 mouit
1133 762 1196 828 iras
1229 773 1266 826 ut
1291 772 1435 826 extrema
1461 759 1613 823 mallent.

454 872 687 954 comploratum
712 870 813 953 igitur
832 868 962 953 publice
984 868 1093 932 statim
1121 879 1154 932 et
1174 868 1244 952 pari
1264 888 1343 931 uoce
1363 866 1546 930 clamatum
1569 876 1617 928 est

451 973 506 1042 ‘ad
521 999 609 1040 arma
619 969 639 1039 l'
662 976 809 1059 seditque
824 974 996 1051 sententia,
1014 996 1143 1057 quoquo
1164 976 1259 1038 modo
1278 972 1525 1047 rebellandum
1551 993 1617 1034 non

455 1083 531 1166 quia
545 1083 610 1147 iam
625 1104 697 1165 spes
719 1081 788 1144 ulla
808 1091 1006 1163 superesset,
1030 1082 1085 1144 sed
1105 1080 1182 1163 quia
1203 1079 1341 1163 patriam
1362 1101 1457 1144 suam
1477 1078 1618 1142 mallent

454 1189 596 1252 hostium
612 1210 708 1271 quam
720 1187 786 1249 suis
798 1186 947 1250 manibus
965 1185 1078 1248 euerti.
1097 1186 1154 1269 qui
1167 1185 1395 1251 rebellantium
1409 1184 1513 1248 fuerit
1530 1185 1619 1248 furor
1637 1196 1651 1246 5

454 1296 508 1358 uel
523 1294 599 1357 hinc
614 1292 760 1375 intellegi
774 1303 881 1375 potest
910 1293 997 1373 quod
1018 1291 1053 1353 in
1075 1314 1172 1355 usum
1193 1314 1297 1358 nouae
1320 1292 1432 1356 classis
1456 1302 1547 1354 tecta
1562 1293 1616 1354 do-

453 1423 567 1463 muum
592 1399 811 1474 resciderunt3
843 1397 877 1460 in
901 1418 1061 1460 armorum
1083 1397 1217 1462 officinis
1240 1420 1355 1461 aurum
1376 1409 1410 1461 et
1440 1408 1618 1479 argentum

452 1527 509 1588 pro
525 1528 596 1567 aere
611 1505 757 1588 ferroque
773 1505 950 1567 conflatum
965 1514 1031 1578 est,
1054 1503 1089 1565 in
1113 1514 1343 1567 tormentorum
1364 1504 1502 1567 uincula
1518 1503 1618 1568 crinis

453 1631 528 1672 suos
543 1621 708 1673 matronae
724 1610 940 1673 contulenmt.
967 1608 1121 1671 Mancino
1137 1609 1252 1672 deinde
1267 1610 1399 1673 consule
1415 1621 1504 1671 terra
1518 1608 1617 1671 mari-

452 1738 513 1798 que
529 1716 674 1779 feruebat
690 1715 824 1778 obsidio.
850 1714 952 1798 operti
973 1726 1103 1797 portus,
1130 1716 1273 1780 nudatus
1297 1726 1346 1778 est
1366 1715 1493 1798 primus
1512 1725 1547 1777 et
1569 1735 1615 1776 se·
1636 1725 1662 1772 lu

452 1843 571 1903 quens,
599 1821 663 1883 iam
684 1833 716 1882 ct
739 1820 853 1882 tertius
875 1842 1006 1895 murus,
1035 1842 1109 1882 curn
1124 1830 1233 1882 tamen
1248 1824 1367 1904 Byrsa,
1391 1822 1479 1904 quod
1494 1844 1617 1884 nomen

454 1926 519 1988 arci
549 1926 630 2001 fuit,
662 1926 755 2009 quasi
777 1926 876 1988 altera
909 1925 1025 1988 ciuitas
1050 1925 1228 1990 resistebat.
1268 1926 1418 2009 quamuis
1444 1927 1619 2010 profligato

452 2030 541 2093 urbis
558 2030 682 2094 excidio
698 2042 806 2093 tamen
820 2032 918 2094 fatale
937 2031 1065 2093 Africae
1079 2054 1197 2094 nomen
1213 2032 1403 2114 Scipionum
1424 2031 1613 2095 uidebatur.

452 2137 553 2222 igitur
568 2137 602 2199 in
618 2137 719 2200 alium
735 2137 917 2221 Scipionem
933 2158 1089 2200 conuersa
1103 2160 1152 2200 res
1167 2138 1299 2221 publica
1313 2140 1413 2200 finem
1427 2138 1509 2200 belli
1524 2160 1615 2221 repo-

455 2244 574 2305 scebat.
590 2241 677 2305 hunc
690 2242 793 2305 Paulo
806 2242 1015 2305 Macedonico
1027 2253 1228 2327 procreatum
1239 2242 1384 2305 Africani
1395 2242 1486 2307 illius
1502 2242 1616 2327 magni
1636 2255 1661 2303 15

454 2347 541 2410 filius
557 2349 653 2410 decus
668 2347 774 2430 gentis
788 2350 1018 2431 adsumpserat,
1028 2337 1096 2412 hoo
1112 2348 1233 2411 scilieet
1244 2348 1310 2411 fato
1325 2360 1363 2412 ut
1382 2371 1481 2432 quarn
1500 2350 1616 2412 urbem

455 2462 659 2515 concusserat
675 2473 755 2515 auus
771 2474 870 2537 nepos
886 2453 956 2516 eius
972 2465 1140 2517 auerteret.
1159 2456 1216 2517 sed
1230 2477 1326 2537 quem
1340 2456 1380 2517 ad
1397 2456 1534 2518 modum
1548 2478 1613 2518 rna·

454 2557 540 2621 xime
566 2557 720 2621 mortiferi
741 2580 865 2621 morsus
887 2560 991 2622 solent
1020 2582 1088 2623 esse
1110 2559 1318 2623 morientium
1337 2561 1540 2638 bestiarum,
1569 2562 1613 2624 sic

453 2664 528 2746 plus
543 2663 666 2746 negotii
681 2664 743 2728 fuit
759 2687 833 2727 curn
854 2665 1008 2728 semiruta
1030 2665 1227 2749 Carthagine
1259 2688 1357 2749 quarn
1379 2688 1456 2728 cum
1470 2666 1610 2751 integra.

455 2770 618 2853 conpulsis
634 2770 669 2832 in
684 2792 784 2832 unam
800 2792 903 2832 arcem
918 2771 1066 2834 hostibus
1087 2781 1216 2853 portum
1238 2793 1365 2854 quoque
1387 2773 1470 2834 mari
1491 2774 1610 2836 Rorna-
1629 2783 1657 2832 2ο

455 2897 517 2937 nus
531 2876 743 2937 obstruxerat.
762 2874 811 2935 illi
823 2876 962 2938 alterum
973 2876 1035 2938 sibi
1045 2887 1176 2959 portum
1191 2877 1230 2938 ab
1243 2877 1307 2939 alia
1318 2877 1408 2940 urbis
1419 2888 1514 2960 parte
1526 2878 1611 2942 fode-

455 2990 544 3056 runt,
562 3002 621 3042 nec
635 2989 673 3041 ut
688 2979 852 3061 fugerent3
872 2982 927 3043 sed
943 3002 1007 3063 qua
1021 3003 1116 3043 nemo
1131 2981 1202 3044 illos
1218 3004 1276 3045 nec
1292 2984 1429 3045 euadere
1441 3006 1537 3067 posse
1549 3006 1609 3047 ere·

454 3087 562 3160 debat,
580 3084 655 3147 inde
667 3084 759 3166 quasi
770 3096 847 3148 nata
859 3086 965 3149 subito
978 3086 1089 3149 classis
1102 3085 1218 3169 erupit,
1237 3110 1311 3150 eum
1322 3087 1455 3152 interim
1470 3089 1537 3153 iam
1548 3089 1609 3153 die·

453 3192 526 3266 bus,
540 3190 769 3253 iam'noctibus
781 3214 867 3253 noua
879 3191 987 3275 aliqua
1002 3193 1115 3268 moleS,
1128 3204 1215 3255 noua
1226 3193 1390 3269 machina,
1407 3217 1496 3258 noua
1507 3194 1608 3280 perdi·

454 3307 561 3360 torum
570 3295 738 3358 hominum
747 3318 863 3359 manus
876 3298 969 3379 quasi
979 3320 1019 3360 ex
1032 3299 1146 3361 obruto
1159 3299 1308 3362 incendio
1323 3300 1431 3364 subita
1444 3303 1485 3366 de
1498 3300 1606 3365 cineri-
1622 3309 1646 3359 2⁵

452 3404 514 3466 bus
526 3403 656 3465 flamma
669 3402 828 3484 prodibat.
847 3403 1019 3484 deploratis
1028 3404 1205 3467 nouissime
1212 3406 1307 3468 rebus
1316 3405 1453 3489 triginta
1460 3405 1607 3471 sexmilia

454 3509 597 3574 uirorum
613 3530 646 3570 se
661 3506 853 3571 dediderunt
871 3544 909 3553 -
925 3510 1135 3591 quodminus
1150 3511 1272 3586 credas,
1292 3512 1374 3575 duce
1389 3513 1603 3577 Hasdrubale.

455 3627 575 3700 quanto
590 3614 704 3677 fortius
719 3612 840 3675 femina
861 3622 893 3675 et
916 3635 997 3675 uxor
1012 3613 1118 3677 ducis!
1144 3637 1225 3698 quae
1240 3616 1471 3699 conprehensis
1488 3620 1605 3682 duobus

454 3722 562 3784 liberis
579 3744 597 3784 a
612 3719 753 3784 eulmine
769 3740 802 3782 se
818 3721 931 3781 domus
946 3718 982 3780 in
996 3720 1139 3782 medium
1153 3720 1242 3784 misit
1256 3721 1466 3800 incendium,
1488 3724 1606 3787 imitata

456 3826 599 3908 reginam
621 3847 702 3908 quae
725 3822 955 3907 Carthaginem
971 3824 1125 3888 condidit.
1152 3837 1274 3908 quanta
1288 3828 1364 3891 urbs
1380 3828 1490 3893 deleta
1505 3831 1558 3907 sit,
1574 3838 1606 3892 ut
1618 3834 1639 3885 3⁰

458 4083 469 4131 1
485 4095 574 4148 prore
586 4090 611 4131 N
622 4077 630 4147 11
644 4082 660 4131 6
672 4084 777 4147 poteest
787 4092 807 4132 B
819 4079 829 4150 11
842 4080 992 4149 domusque
1003 4093 1029 4134 N
1040 4081 1048 4151 1
1062 4086 1076 4133 1
1096 4082 1250 4136 reciderunt
1265 4096 1285 4136 n
1298 4083 1307 4152 11
1320 4083 1442 4137 officinas
1464 4103 1561 4140 aurum
1571 4102 1607 4138 ar·

456 4171 539 4233 gente
551 4177 570 4216 B
583 4163 591 4234 11
606 4167 621 4216 8
640 4164 726 4217 crines
741 4176 761 4218 B
774 4165 782 4233 11
796 4169 810 4217 9
831 4172 969 4222 matronae
982 4167 1062 4221 crinis
1075 4184 1138 4220 suos
1149 4169 1193 4237 Ν1
1210 4170 1240 4219 10
1257 4168 1376 4222 feruerat
1392 4182 1417 4222 N
1429 4170 1438 4240 1
1452 4172 1542 4241 operis
1553 4187 1608 4240 pon

455 4258 501 4302 tus
512 4261 537 4300 N
547 4248 556 4318 11
569 4249 688 4302 nudatus
701 4256 729 4301 et
746 4250 849 4320 primus
860 4264 885 4303 Ν
896 4252 905 4317 11
920 4254 950 4303 15
963 4252 1166 4305 macedonicum
1182 4264 1202 4304 B
1215 4253 1223 4322 11
1239 4257 1270 4306 16
1286 4253 1314 4306 in
1332 4254 1416 4308 decus
1427 4267 1454 4308 Ν
1465 4256 1479 4326 1·
1487 4257 1607 4323 adsump

457 4342 546 4386 serant
563 4348 582 4388 B
601 4335 694 4405 11111010
708 4334 745 4405 1111
761 4339 790 4388 11
806 4338 853 4389 sed
870 4345 952 4406 quam'
969 4338 1086 4391 maximo
1102 4350 1128 4391 N
1138 4338 1146 4407 11
1163 4340 1193 4390 18
1212 4356 1269 4391 esse
1287 4356 1394 4393 morsus
1412 4341 1505 4395 solent
1522 4342 1606 4411 Ν119

457 4419 603 4490 semirupta
620 4421 661 4491 1111
674 4439 736 4473 curn
755 4439 797 4473 om
814 4421 859 4492 Ν11
873 4425 905 4474 20
916 4439 987 4475 mars
1000 4435 1161 4476 romanusN
1172 4422 1181 4493 11
1194 4425 1224 4475 21
1247 4423 1390 4478 obsederat
1406 4438 1433 4479 Ν
1443 4426 1452 4497 11
1465 4427 1509 4481 illi
1525 4432 1609 4479 autem

457 4515 477 4554 B
489 4504 497 4573 11
511 4505 548 4557 ibi
560 4519 583 4558 Ν
595 4508 604 4577 11
618 4511 649 4559 22
663 4506 791 4559 euaderet
801 4518 821 4557 B
833 4506 842 4577 1
856 4510 887 4559 23
901 4514 967 4560 nota
977 4520 1005 4571 Β,
1020 4515 1099 4560 enata
1109 4520 1134 4560 Ν
1145 4508 1153 4578 11
1167 4512 1199 4561 24
1212 4509 1297 4562 moles
1308 4509 1436 4563 maehina
1446 4512 1490 4582 1111
1504 4516 1608 4582 loqua-

459 4588 584 4658 draginta
600 4610 628 4644 se
647 4592 722 4645 milia
739 4590 859 4645 uirorum
879 4592 1043 4645 dediderunt
1053 4604 1076 4648 N
1089 4592 1097 4661 11
1111 4596 1141 4644 27
1154 4611 1207 4667 quo
1219 4606 1239 4648 B
1252 4595 1260 4664 1
1274 4597 1306 4648 28
1319 4595 1437 4651 feminae
1448 4610 1469 4651 B
1482 4599 1491 4669 1
1505 4613 1608 4669 conpre

460 4674 530 4726 ensis
542 4688 561 4727 N
574 4675 582 4744 11
595 4680 627 4729 29
640 4677 772 4730 immitata
783 4689 803 4729 B
815 4676 824 4747 1
