3809 5534
756 627 955 675 rasmsno.
1332 617 1440 677 XLIII

295 797 298 804 ·
330 779 417 842 ferae
433 777 802 861 eubiie'pros'piciuntet
817 801 893 843 aues
909 792 1081 845 senescunt
1095 781 1130 843 in
1145 780 1234 845 nido.
1249 781 1277 845 si
1291 782 1358 845 fata
1372 783 1438 845 Ro-

297 905 302 916 ·
330 905 421 949 mam
435 890 557 967 negunt
570 869 719 968 patriani,
737 881 847 949 saltim
861 885 915 949 hio
926 889 1057 951 manere
1068 887 1246 971 contingat.
1261 887 1440 972 quidquod

330 992 534 1055 consuetudo
547 1007 599 1055 rus
613 990 705 1054 fortis
719 1000 778 1055 est.
810 1000 844 1055 et
867 1011 940 1055 ecce
960 992 1026 1055 iam
1047 993 1266 1058 familiaritate
1286 993 1441 1058 continua

330 1096 451 1186 ciuitas
465 1093 654 1181 nobisipsa
672 1095 862 1175 blanditur,
881 1119 984 1181 quae,
1007 1097 1036 1163 si
1056 1098 1134 1183 quid
1156 1099 1259 1163 credis
1272 1096 1366 1162 mihi·
1383 1099 1440 1182 qui

302 1203 438 1267 tmulta
459 1200 617 1286 cognoui,
632 1203 786 1266 'omnium
805 1213 911 1268 rerum
933 1223 1017 1288 quae
1039 1206 1080 1268 ad
1106 1203 1249 1287 quietem
1276 1204 1441 1288 eliguntur

330 1308 516 1394 gratissima
530 1314 597 1372 est.¹
624 1310 782 1394 populum
797 1309 906 1388 uides,
929 1331 950 1374 o
970 1309 1086 1394 hospes
1102 1320 1134 1373 et
1156 1305 1277 1388 amine,
1304 1312 1440 1393 probum

330 1415 419 1499 frugi
434 1415 580 1499 quietum
596 1417 684 1478 tarde
699 1415 849 1500 quidem,
867 1425 916 1480 set
937 1415 1058 1479 iudicio
1080 1415 1284 1499 hospitalem.
1299 1416 1441 1478 osclum

330 1520 537 1606 peculiariter
550 1531 766 1605 temperatum
786 1521 900 1585 miscet
921 1522 1029 1599 uices,
1057 1534 1089 1586 et
1110 1531 1222 1585 notam
1242 1520 1328 1586 ueris
1350 1531 1440 1584 totus

332 1647 440 1692 annus
463 1626 621 1690 imitatur.
660 1636 744 1691 terra
768 1628 882 1691 fertilis
913 1628 1035 1710 campis
1058 1637 1091 1691 et
1112 1627 1215 1711 magis
1239 1626 1375 1691 collibus
1397 1663 1439 1673 —

289 1744 412 1797 tunam
428 1732 544 1797 Italiae
556 1733 643 1796 uites
657 1733 788 1798 affectat
809 1744 842 1797 et
864 1743 1027 1817 comparat
1050 1753 1141 1799 areas
1155 1755 1196 1784 —·—
1217 1731 1362 1797 serotino
1372 1751 1440 1794 non

330 1838 490 1904 erubescit
506 1845 675 1902 autumno
708 1838 736 1903 si
757 1840 835 1922 quid
855 1842 896 1904 ad
911 1861 979 1904 rem
993 1839 1150 1923 pertinet,
1169 1838 1285 1903 ciuitas
1300 1835 1371 1922 ipos¹
1385 1860 1439 1921 ge·

331 1944 545 2009 nerosissimis
560 1944 712 2040 auspiciis
728 1944 893 2024 instituta3
911 1969 989 2011 nam
1003 1958 1129 2031 practer
1143 1946 1292 2011 Caesaris
1301 1943 1438 2022 uexilla,

330 2070 415 2134 quae
428 2050 781 2135 portant'triumphos,
809 2054 896 2116 unde
916 2074 1036 2116 nomen
1057 2052 1198 2135 accepit,
1229 2053 1320 2114 adest
1341 2049 1441 2112 etiam

329 2156 500 2239 peregrina
513 2156 677 2221 nobiiitus.
703 2157 820 2241 quippe
836 2158 863 2223 si
878 2170 988 2223 uetera
999 2158 1120 2241 templa
1133 2155 1297 2239 respicias,
1309 2153 1368 2217 'hie
1383 2154 1439 2217 ille

287 2272 321 2324 15
333 2261 452 2325 colitur
464 2261 611 2346 corniger
631 2264 766 2345 praedo,
797 2263 853 2347 qui
875 2264 1007 2348 Tyriam
1026 2262 1187 2347 uirginem
1206 2269 1339 2347 portans
1360 2260 1439 2323 dum

330 2389 389 2452 per
403 2378 472 2432 tota
485 2368 588 2432 maria
601 2363 752 2445 lasciuit,
775 2370 829 2433 hic
843 2370 952 2433 amisit
968 2377 1000 2432 et
1016 2368 1178 2445 substitit,
1200 2379 1234 2431 et
1257 2366 1326 2431 eius
1342 2386 1440 2450 quam

329 2474 587 2539 ferebatoblitus
603 2474 709 2539 subito
724 2484 871 2539 nostrum
886 2475 965 2539 litus
981 2466 1170 2538 adamauit.'

396 2580 463 2643 Hic
479 2599 553 2643 eum
569 2593 632 2664 ego·
640 2580 859 2664 respirassem,
878 2580 988 2643 statim
1003 2580 1154 2644 Baeticus
1166 2570 1209 2641 ‘o’
1224 2577 1339 2660 inquid
1350 2570 1437 2640 ‘bea-

330 2698 399 2750 tam
415 2684 594 2764 ciuitatem}
612 2703 694 2769 quae
709 2686 744 2748 in
760 2696 792 2749 te
806 2685 980 2769 fatigatum
994 2685 1120 2748 incidit.
1139 2701 1234 2767 quem
1249 2684 1290 2745 ad
1305 2684 1438 2744 modum

285 2802 444 2856 tutamen
458 2791 726 2876 copiosequitnr,
750 2802 783 2855 et
804 2792 883 2874 quid
903 2790 957 2855 hic
972 2791 1098 2875 agitur?
1120 2791 1208 2853 uude
1222 2785 1438 2852 subuenitoe·

329 2897 438 2962 ditus?
453 2903 496 2961 an
510 2898 657 2979 patet'ab
668 2896 778 2960 Africa
793 2890 1050 2961 subministrati³
1063 2892 1164 2961 ‘unde
1179 2935 1206 2965 0.
1221 2913 1437 2977 nequaquem,

330 3025 407 3067 cum
421 2993 568 3086 hacipsa
582 2987 845 3086 'peregrinatione
873 3002 1071 3067 offenderim.
1105 3001 1140 3064 in
1162 3000 1268 3064 reditu
1288 3011 1344 3063 est·
1356 2998 1440 3064 mihi

328 3108 485 3193 professio
505 3091 713 3174 'litii'rtatunn³
726 3105 759 3175 ‘o
774 3131 843 3174 rem
864 3108 1142 3192 indignissimum!
1161 3117 1195 3170 et
1217 3127 1314 3188 quam
1337 3127 1440 3188 aequo

328 3214 393 3280 fers
407 3214 496 3308 istud
511 3197 637 3291 animo,
662 3218 770 3281 sedere
791 3217 827 3279 in
843 3215 961 3280 scholis
977 3223 1009 3277 et
1023 3213 1132 3297 pueris
1146 3204 1365 3297 praeciperet-²
1399 3213 1441 3275 ad

284 3332 318 3383 25
331 3341 430 3404 quam
444 3319 834 3405 iiliusinterrogationem
849 3323 884 3385 in
899 3323 987 3385 hunc
1002 3323 1137 3384 modum
1158 3318 1322 3403 respondi.
1357 3312 1439 3382 ‘non

327 3426 475 3490 miror-te
489 3426 558 3514 eius
573 3440 661 3490 nuno
688 3449 757 3492 esse
783 3428 999 3512 persuasionis
1021 3447 1086 3510 qua
1106 3436 1140 3489 et
1155 3425 1223 3510 ipse
1238 3445 1368 3507 quoque
1381 3424 1438 3487 ali-

328 3533 474 3616 quandiu
494 3532 651 3596 libertini.
685 3541 752 3597 toto
768 3534 855 3597 enim
876 3536 962 3618 quod
984 3534 1037 3596 hic
1064 3532 1189 3615 egimus
1215 3528 1438 3613 quinquennio

327 3638 374 3703 ita
387 3637 471 3703 mihi
486 3645 668 3721 portantum
682 3650 750 3703 erat
766 3639 863 3703 huius
878 3638 1084 3722 professionis
1100 3650 1138 3699 ut
1149 3653 1310 3718 nusquam
1325 3633 1438 3696 uiuere

326 3755 476 3829 putarem
490 3745 655 3809 hominem
670 3745 876 3809 miseriorem.
924 3755 973 3808 set
997 3742 1133 3807 subinde
1153 3738 1347 3804 retractanti·
1372 3760 1437 3802 sor-

335 4105 439 4158 itarde
452 4104 633 4175 Schopenius:
655 4106 760 4159 tardem
773 4106 781 4176 11
798 4109 828 4159 10
846 4108 942 4160 ltaliae
960 4104 1142 4159 Bitschelins:
1161 4102 1258 4172 italiass
1275 4106 1304 4155 13
1326 4109 1438 4172 portant

332 4190 515 4244 Bitschelisn:
533 4197 625 4260 portat
642 4190 651 4260 1
670 4190 755 4243 eciam
775 4191 783 4259 11
807 4194 836 4244 15
858 4194 947 4246 tisiam
967 4194 975 4263 11
998 4195 1028 4246 18
1048 4191 1171 4244 beaticus
1184 4192 1193 4260 11
1212 4192 1244 4242 20
1263 4206 1279 4242 a
1297 4196 1325 4241 te
1345 4187 1437 4257 agitur

332 4274 520 4346 Riecteliust!
533 4279 561 4328 21
585 4274 676 4329 affrica
700 4277 708 4345 11
728 4277 801 4336 unde
819 4284 850 4330 tu
869 4278 969 4346 putas?
998 4294 1014 4329 a
1031 4284 1107 4346 patre
1126 4274 1236 4345 quidem
1254 4289 1433 4343 nequaquam,

333 4377 393 4413 cum
413 4378 477 4414 eum
488 4360 652 4414 Riochatus
664 4362 673 4431 11
687 4365 719 4415 22
732 4361 840 4415 redditu
854 4362 863 4432 11
877 4362 1050 4432 23professio
1067 4359 1247 4429 Sciopem'ua:
1265 4356 1400 4426 possessio
1414 4357 1423 4426 11

333 4447 366 4497 24
378 4444 454 4499 istud
467 4444 496 4497 in
509 4446 767 4511 testimomonium,
783 4464 841 4499 eum
854 4453 933 4500 anteo
951 4446 1020 4500 illud
1032 4444 1155 4514 subacti
1169 4442 1249 4496 scolis
1263 4442 1271 4510 11
1284 4447 1313 4492 at
1326 4441 1334 4509 1
1348 4442 1380 4492 25
1394 4441 1435 4494 in-

333 4530 548 4602 tenogeoiouem
559 4532 570 4601 11
584 4535 616 4586 tt
630 4539 656 4585 te
668 4532 722 4585 add
731 4532 894 4585 Riochelius
907 4532 915 4603 11
929 4531 1087 4602 aliquandiu
1096 4527 1274 4598 Schopenius:
1287 4525 1435 4595 aliquando

334 4615 402 4687 diui
416 4619 449 4670 27
463 4614 646 4686 totoseripsi:
665 4623 756 4670 totum
774 4616 783 4687 11
803 4616 847 4670 hio
864 4618 918 4670 odd
936 4616 1098 4686 Schopertiue
1116 4615 1125 4683 1
1145 4616 1177 4668 28
1196 4612 1236 4665 its
1252 4612 1435 4668 Ritacbelius:

334 4699 385 4754 isto
397 4701 451 4755 isto
464 4701 474 4772 11
488 4705 522 4755 29
534 4707 576 4757 sat
586 4699 767 4758 Ritscltelaisa:
780 4708 808 4756 et
821 4702 830 4772 11
842 4702 1001 4756 retractanti
1012 4699 1191 4754 Ritaclrelius:
1210 4705 1359 4753 retractant
1370 4699 1380 4768 1
