3809 5534
374 381 414 442 60
866 397 936 443 rvtr
954 399 1052 443 suoru

373 549 482 625 fuerit,
500 549 554 612 uel
568 547 645 611 hinc
660 548 821 612 aestimari
834 559 952 632 potest,
971 550 1056 632 quod
1071 559 1104 612 et
1119 548 1283 614 Domitius
1298 548 1568 616 Ahenobarbus

374 664 407 717 et
421 653 541 718 Fabius
557 652 721 717 Maximus
736 653 814 736 ipsis
843 654 960 737 quibus
982 654 1215 720 dimicauerant
1234 654 1315 743 locis
1339 676 1451 718 saxeas
1465 676 1565 721 ere

376 778 451 820 xere
467 768 568 821 turres
581 769 613 822 et
624 761 760 842 desuper
771 770 925 823 exameta
937 759 1034 824 armis
1045 760 1218 825 hostilibus
1229 771 1362 844 tropaea
1370 762 1559 839 fixenmt3

376 884 451 926 cum
466 862 519 925 hic
535 886 603 927 mes
619 865 794 929 inusitatus
809 865 906 928 fuerit
920 865 1051 929 nostris.
1083 887 1262 950 numquam
1284 866 1373 929 enim
1394 867 1557 949 populus

378 970 545 1032 Romanus
561 970 707 1034 hostibus
721 970 851 1034 domitis
867 970 1035 1034 uictoriam
1051 972 1267 1054 exprobrauit.

463 1181 650 1277 xxxvn.
675 1214 861 1277 Bnruvrr
878 1215 1145 1280 crnnnrcvn
1158 1215 1461 1279 ruvrcnrevu

813 1320 1093 1384 navarrus.

269 1525 324 1580 ur,
342 1504 361 1566 3
377 1505 501 1570 Cimbri
516 1505 656 1567 Teutoni
671 1515 767 1588 atque
782 1505 932 1589 Tigurini
944 1507 984 1568 ab
996 1506 1147 1569 extremis
1159 1506 1288 1570 Galliae
1299 1505 1445 1589 profugi,
1461 1524 1523 1567 cum

376 1623 476 1674 terras
491 1632 602 1672 eorum
616 1610 806 1674 inundasset
821 1612 989 1687 Oceanus,
1005 1634 1109 1676 nouas
1125 1614 1215 1676 sedes
1230 1622 1299 1675 toto
1315 1612 1391 1674 orbe
1406 1630 1522 1693 quaere

376 1718 473 1791 bant,
491 1716 675 1797 exclusique
692 1726 724 1778 et
739 1716 849 1780 Gallia
864 1727 896 1779 et
911 1717 1074 1799 Hispania
1089 1737 1164 1778 cum
1178 1715 1214 1776 in
1230 1716 1363 1779 Italiam
1378 1716 1520 1799 demigra-
1535 1715 1561 1769 ¹⁰

377 1819 461 1897 rent,
478 1820 592 1883 misere
607 1821 729 1904 legatos
744 1822 779 1884 in
794 1832 898 1884 castra
913 1822 1036 1898 Silani,
1053 1821 1129 1884 inde
1144 1822 1186 1883 ad
1201 1832 1369 1899 senatum,
1386 1832 1520 1905 petentes

377 1938 414 1990 ut
430 1926 567 1989 Martius
582 1928 722 2009 populus
744 1927 867 2011 aliquid
887 1928 948 1990 sibi
970 1939 1072 1991 terrae
1094 1929 1184 1991 daret
1207 1928 1300 2011 quasi
1323 1928 1520 2012 stipendium,

377 2043 518 2095 ceterum
533 2042 570 2094 ut
585 2033 685 2095 uellet
699 2034 848 2096 manibus
871 2043 968 2116 atque
989 2033 1085 2097 armis
1107 2033 1353 2117 suisuteretur.
1379 2036 1437 2097 sed
1457 2052 1523 2117 quas

377 2141 465 2200 daret
482 2148 579 2200 terras
594 2139 732 2220 populus
748 2140 916 2202 Romanus
938 2140 1070 2222 agrariis
1091 2138 1217 2222 legibus
1238 2139 1324 2202 inter
1346 2162 1382 2203 se
1404 2139 1523 2203 dimica·

376 2255 468 2307 turus
475 2243 495 2306 l‘
512 2243 632 2325 repulsi
647 2244 766 2327 igitur,
792 2247 877 2327 quod
892 2245 1106 2327 nequiuerant
1121 2245 1288 2327 precibus,
1315 2245 1413 2309 armis
1428 2254 1524 2327 petere
1538 2247 1560 2299 ¹5

376 2338 560 2432 coeperunt.
593 2352 648 2414 sed
670 2373 729 2414 nec
749 2350 890 2433 primum
905 2349 1063 2432 impetum
1077 2350 1285 2413 barbarorum
1301 2350 1455 2426 SilanuS,
1477 2368 1526 2411 net

308 2443 311 2447 Α
376 2458 555 2520 secundum
578 2456 753 2532 Manilius,
782 2478 842 2518 nec
864 2456 997 2518 tertium
1017 2456 1138 2537 Caepio
1159 2455 1318 2519 sustinere
1332 2464 1525 2541 ¹potuerrmt3

376 2584 486 2624 omnes
501 2563 616 2644 fugati,
635 2561 725 2624 exuti
740 2562 862 2625 castris.
888 2573 997 2625 actum
1012 2573 1100 2637 erat,
1117 2561 1182 2624 nisi
1197 2562 1323 2625 Marius
1344 2562 1397 2625 illi
1412 2560 1528 2625 saeculo

376 2668 574 2758 contigisset.
593 2667 648 2729 ille
661 2689 787 2749 quoque
798 2689 865 2729 non
878 2689 975 2730 ausus
988 2668 1140 2750 congredi
1152 2667 1264 2731 statim
1275 2667 1417 2730 militem
1433 2664 1528 2730 tenuit

375 2772 410 2835 in
426 2772 549 2848 castris,
566 2774 667 2834 donec
682 2771 806 2835 inuicta
820 2772 878 2835 illa
892 2773 996 2837 rabies
1012 2785 1045 2836 et
1060 2773 1213 2856 impetuS,
1232 2794 1330 2856 quem
1345 2795 1404 2857 pro
1416 2773 1527 2836 uirtute
1540 2776 1561 2827 ²⁰

375 2879 502 2941 barbari
516 2877 650 2953 habent,
668 2889 918 2942 consenesceret.
943 2901 1101 2942 recessere
1117 2878 1216 2961 igitur
1231 2878 1437 2962 increpantes
1453 2887 1485 2940 et
1495 2910 1528 2923 -

376 2993 469 3046 tanta
490 2993 558 3045 erat
579 2983 753 3065 capiendae
776 2984 864 3047 urbis
887 2985 1007 3048 fiducia
1029 2985 1320 3061 -consulentes,
1344 2983 1373 3047 si
1396 2971 1475 3068 quid
1495 2981 1527 3044 ad

376 3111 491 3153 uxores
507 3111 580 3152 suas
602 3091 803 3151 mandarent.
835 3111 895 3152 nec
917 3091 1050 3173 segnius
1074 3112 1171 3173 quarn
1193 3090 1311 3153 minati
1332 3090 1463 3152 fuerant
1482 3086 1527 3150 tri·

374 3194 491 3278 pertito
507 3193 635 3279 agmine
650 3194 685 3256 in
701 3195 811 3278 Alpes,
829 3194 862 3258 id
878 3206 926 3258 est
941 3195 1082 3259 claustra
1097 3196 1228 3271 ltaliae,
1250 3195 1450 3257 ferebantur.
1469 3194 1528 3257 Ma-

374 3302 441 3365 rius
456 3302 538 3364 mira
553 3301 662 3365 statim
677 3298 848 3364 uelocitate
865 3300 1028 3383 occupatis
1045 3301 1244 3383 compendiis
1267 3300 1441 3384 praeuenit
1463 3301 1526 3362 hos·
1539 3302 1561 3353 ²⁵

375 3420 459 3484 tem,
475 3408 659 3491 prioresque
674 3409 838 3470 Teutonos
861 3409 921 3470 sub
936 3407 1015 3490 ipsis
1030 3408 1165 3489 Alpium
1179 3407 1343 3472 radicibus
1365 3408 1526 3470 adsecutus

375 3514 410 3575 in
424 3514 494 3576 loco
510 3535 605 3596 quem
619 3516 729 3596 Aquas
746 3512 872 3577 Sextias
893 3523 1012 3576 uocant
1034 3535 1098 3595 quo
1122 3550 1163 3559 -
1184 3515 1282 3576 fidem
1303 3513 1480 3576 numinum
1492 3546 1526 3557 -

375 3617 494 3699 proelio
510 3618 683 3700 oppressit!
713 3620 834 3682 uallem
856 3618 1058 3701 fluuiumque
1079 3615 1220 3680 medium
1244 3616 1355 3681 hostes
1371 3618 1527 3691 tenebant,

376 3721 493 3785 nostris
508 3743 663 3805 aquarum
674 3725 766 3786 nulla
781 3724 882 3807 eopia.
908 3727 1098 3789 consultone
1113 3724 1146 3786 id
1162 3722 1264 3807 egerit
1279 3723 1474 3807 imperator,
1494 3742 1528 3785 an

378 4049 388 4097 1
404 4043 573 4099 naeobarbus
584 4054 609 4095 N
620 4042 628 4112 11
643 4047 657 4095 2
670 4043 698 4096 in
711 4043 777 4097 locis
788 4058 814 4099 N
824 4046 832 4116 11
846 4050 861 4098 4
874 4046 1020 4099 inusitatos
1034 4046 1049 4097 b
1062 4045 1071 4115 11
1085 4049 1100 4097 5
1113 4044 1256 4098 uictoriam
1269 4062 1348 4099 suam
1361 4044 1529 4119 exprobrauit

335 4147 338 4152 ·
373 4144 399 4183 N
410 4131 418 4200 1
432 4134 447 4182 6
460 4140 580 4183 xxxvrrr
591 4140 611 4180 s
624 4127 632 4196 11
646 4140 818 4184 cruamcvrr
829 4144 848 4188 a
861 4132 870 4203 11
884 4136 898 4183 1
913 4144 1086 4185 rrovmuvn
1098 4142 1126 4194 a,
1141 4129 1293 4183 tiburinum
1305 4142 1332 4183 N
1342 4129 1351 4200 11
1364 4134 1381 4183 9
1395 4133 1477 4186 sodex
1487 4127 1526 4197 Nl

378 4219 407 4268 10
420 4216 598 4285 remigrarent
609 4226 634 4268 N
644 4214 653 4284 11
669 4217 697 4265 11
712 4220 837 4284 potentes
850 4216 865 4267 b
879 4216 886 4285 11
908 4218 939 4267 14
952 4216 1026 4269 iutra
1036 4228 1061 4270 N
1077 4217 1086 4285 11
1110 4220 1140 4268 16
1159 4221 1290 4285 ceperunt
1306 4227 1342 4279 B,
1363 4217 1528 4271 constituunt

374 4312 398 4351 Ν
410 4299 418 4368 11
434 4303 464 4353 ta
476 4302 543 4369 fuga
553 4312 572 4351 Ν
586 4300 594 4370 11
616 4303 646 4353 19
660 4299 840 4369 contiguisset
849 4312 875 4352 N
892 4300 901 4369 11
921 4304 954 4354 21
967 4318 1016 4371 per
1027 4300 1101 4370 alpes
1120 4312 1146 4352 N
1156 4299 1164 4370 11
1178 4303 1211 4352 26
1229 4305 1359 4353 teutonas
1376 4313 1423 4354 BN
1433 4303 1442 4372 11
1461 4300 1528 4354 adse

374 4390 451 4436 catos
468 4397 487 4436 Β
507 4386 515 4453 11
536 4389 568 4436 27
582 4402 636 4454 quo
648 4384 729 4438 fidem
743 4384 907 4439 Solorasiaa:
925 4403 974 4455 pro
994 4385 1047 4438 fide
1058 4398 1092 4450 B,
1113 4384 1224 4455 quaside
1235 4384 1280 4455 Ν11
1293 4388 1327 4439 28
1341 4382 1525 4457 obpressitNl

376 4470 407 4519 29
422 4469 597 4521 consulatone
609 4482 634 4522 N
644 4471 653 4541 11
