3809 5534
701 625 849 671 serrone
868 627 891 682 1,
909 617 953 666 Β.
973 616 1006 667 rs
1025 604 1079 690 [11‚
1099 616 1142 667 tt.
1162 606 1221 690 12].
1504 608 1544 667 47

380 780 520 850 Perses,
545 775 602 858 qui
616 776 715 838 semel
729 775 763 837 in
777 786 971 859 perpetuum
992 773 1114 838 uictam
1137 797 1205 839 esse
1234 775 1458 838 Macedoniam
1479 797 1545 838 uon

380 882 524 966 putabat
539 902 579 943 ex
593 880 700 963 gentis
715 881 884 964 dignitate.
910 881 1015 945 multo
1037 881 1264 945 uehementius
1286 883 1346 944 sub
1361 881 1422 943 hoc
1436 882 1545 944 Maee-

382 990 485 1051 dones
501 1008 600 1069 quam
614 987 674 1049 snb
689 996 779 1070 patre
801 998 976 1069 exurgunt.
1001 987 1121 1072 quippe
1145 988 1285 1051 Thracas
1306 988 1342 1051 in
1365 986 1451 1050 uires
1471 1008 1545 1050 suas

383 1103 571 1169 traxerant,
594 1094 699 1175 adque
719 1093 767 1156 ita
786 1092 981 1157 industriam
995 1095 1213 1157 Macedonum
1227 1093 1353 1157 uiribus
1368 1093 1543 1169 Thracum,

348 1212 365 1261 Β
385 1199 540 1263 ferociam
556 1198 718 1261 Thracum
733 1198 904 1281 disciplina
918 1200 1130 1262 Macedonica
1150 1210 1379 1282 temperauere.
1413 1199 1546 1262 accessit

384 1304 434 1369 his
450 1304 628 1368 eonsilium
642 1304 752 1380 ducis,
776 1305 832 1389 qui
854 1304 954 1367 situm
969 1305 1137 1388 regionum
1152 1327 1283 1368 suarum
1298 1327 1317 1367 a
1333 1327 1459 1369 summo
1475 1326 1545 1389 spe·

386 1412 515 1475 culatus
531 1411 661 1473 Haemo
675 1409 788 1493 positis
803 1432 860 1493 per
875 1411 1012 1493 abrupta
1026 1411 1138 1475 castris
1154 1410 1201 1474 ita
1215 1411 1440 1474 Macedoniam
1455 1433 1547 1475 suam

388 1518 484 1581 armis
506 1516 655 1599 ferroque
676 1515 857 1579 uallauerat
877 1526 915 1578 ut
936 1538 1004 1580 non
1023 1517 1191 1600 reliquisse
1206 1516 1330 1579 aditum
1345 1517 1409 1580 nisi
1425 1539 1444 1579 a
1458 1517 1547 1580 caelo

387 1621 536 1686 uenturis
551 1621 698 1684 hostibus
714 1620 888 1683 uideretur.
915 1632 1026 1685 tamen
1033 1622 1156 1687 Marcio
1163 1622 1317 1707 Philippo
1333 1624 1463 1686 consule
1476 1644 1548 1685 eam

353 1738 373 1789 11
389 1727 592 1813 prouinciam
613 1728 777 1809 ingressus
798 1726 939 1810 populus
964 1730 1151 1805 Romanus,
1181 1728 1353 1813 exploratis
1377 1728 1549 1811 diligenter

391 1834 570 1898 accessibus
592 1855 649 1916 per
669 1833 830 1895 Astudam
857 1834 1010 1915 paludem
1040 1835 1301 1918 Perrhaebosque
1328 1834 1470 1897 tumulos
1492 1834 1549 1897 illa

391 1940 578 2004 uolneribus
593 1960 733 2022 quoque,
750 1949 788 2001 nt
803 1938 1016 2016 uidebantur,
1035 1940 1126 2003 inuia
1144 1940 1297 2015 accessit,
1314 1962 1484 2024 regemque
1501 1962 1547 2003 se-

392 2068 503 2110 curum
519 2055 552 2108 et
566 2045 651 2107 nihil
667 2045 730 2107 tale
744 2054 944 2107 metuentem
959 2045 1066 2108 subita
1080 2047 1156 2109 belli
1172 2046 1358 2129 inruptione
1374 2046 1548 2129 deprehen·

393 2152 447 2216 dit.
473 2150 568 2214 cuius
596 2160 689 2213 tanta
716 2149 888 2232 trepidatio
916 2149 979 2213 fuit
1004 2161 1042 2213 ut
1062 2152 1234 2234 pecuniam
1258 2172 1386 2213 omnem
1405 2152 1440 2213 in
1460 2172 1549 2214 mare

348 2266 376 2319 15
393 2257 520 2322 iusserit
541 2255 645 2339 mergi
664 2276 707 2317 ne
721 2254 856 2337 periret,
882 2267 914 2318 et
936 2256 1071 2320 classem
1091 2257 1226 2320 cremari
1246 2279 1287 2319 ne
1309 2255 1545 2318 incenderetur.

394 2360 649 2437 Pauloconsule,
666 2382 741 2423 cum
755 2360 875 2424 maiora
884 2373 916 2424 et
931 2360 1089 2424 crebriora
1100 2373 1208 2425 essent
1222 2362 1363 2446 inposita
1377 2359 1547 2444 praesidia,

393 2492 447 2553 per
461 2468 543 2531 alias
560 2466 630 2529 uias
646 2466 838 2529 Macedonia
852 2468 1009 2549 deprensa
1030 2477 1100 2542 est,
1126 2488 1253 2529 summa
1276 2468 1406 2550 quidem
1428 2477 1495 2530 arte
1518 2476 1551 2528 et

394 2572 554 2638 industria
569 2571 674 2647 ducis,
698 2593 774 2633 cum
795 2570 859 2634 alia
873 2571 1016 2635 minatus
1032 2572 1095 2634 alia
1111 2572 1297 2656 inrupisset.
1322 2572 1413 2636 cuius
1429 2574 1549 2634 aduen-

395 2691 443 2744 tus
458 2680 530 2763 ipse
554 2681 633 2741 adeo
654 2676 804 2740 terribilis
828 2676 895 2759 regi
910 2677 973 2739 fuit
1000 2688 1038 2739 ut
1059 2677 1213 2740 interesse
1235 2700 1301 2740 non
1317 2679 1465 2751 auderet,
1494 2677 1550 2739 sed

347 2792 379 2848 20
394 2788 533 2871 gerenda
548 2783 684 2848 ducibus
706 2783 792 2845 bella
806 2782 1019 2844 mandauerit.
1046 2784 1160 2846 absens
1181 2805 1255 2865 ergo
1280 2782 1387 2846 uictus
1408 2782 1493 2865 fugit
1515 2781 1551 2844 in

395 2892 494 2956 maria
509 2891 715 2972 insulamque
739 2887 992 2962 Samothracen,
1009 2889 1111 2951 fretus
1127 2888 1252 2952 delubri
1268 2888 1441 2972 religione,
1458 2887 1551 2971 quasi

396 2998 515 3083 templa
530 2997 563 3059 e't
578 3017 651 3057 arae
665 3004 796 3078 possent
812 2993 993 3068 defendere,
1011 3015 1107 3077 quem
1118 3016 1178 3057 nec
1189 3004 1314 3057 montes
1327 2993 1378 3057 sui
1392 3015 1452 3056 nec
1465 3014 1553 3056 arma

396 3104 588 3189 potuissent.
611 3122 708 3162 nemo
723 3120 835 3181 regum
850 3097 973 3161 diutius
996 3097 1130 3161 amissae
1153 3098 1300 3162 fortunae
1323 3099 1553 3163 conscientiam

399 3208 542 3275 retinuit.
562 3205 698 3290 supplex
714 3225 788 3282 cum
802 3202 954 3266 scriberet
970 3204 1010 3265 ad
1029 3203 1254 3286 imperatorem
1269 3206 1309 3268 ab
1325 3205 1381 3268 illo
1403 3227 1466 3288 quo
1479 3227 1552 3268 con·

356 3324 383 3376 ²5
399 3316 525 3399 fugerat
541 3312 661 3396 templo
672 3330 853 3392 nomenque
866 3308 1020 3391 epistolae
1033 3319 1159 3372 notaret
1171 3333 1278 3388 suum,
1295 3334 1403 3395 regem
1416 3310 1549 3396 addidit.

401 3424 452 3485 sed
466 3441 527 3482 nec
542 3416 741 3481 reuerentior
755 3425 866 3499 captae
886 3413 1065 3478 maiestatis
1088 3414 1171 3478 alius
1187 3417 1291 3479 Paulo
1314 3417 1388 3479 fuit.
1421 3439 1496 3480 cum
1518 3416 1553 3477 in

400 3534 607 3609 conspectum
617 3522 760 3586 uenisset
775 3521 890 3597 hostia,
904 3520 939 3583 in
952 3519 1107 3583 tribunali
1119 3520 1239 3604 recepit
1251 3532 1284 3583 et
1295 3521 1454 3584 conuiuiis
1463 3519 1553 3583 adhi-

400 3632 467 3696 buit
481 3630 664 3714 liberosque
680 3626 848 3690 admonuit
863 3648 938 3690 suos
954 3636 991 3688 ut
1012 3625 1192 3700 fortunam,
1217 3625 1271 3688 cui
1286 3637 1415 3689 tantum
1430 3626 1552 3702 liceret,

401 3746 632 3802 reuererentur.
651 3734 735 3796 inter
748 3732 980 3816 pulcherrimos
996 3731 1083 3793 hunc
1096 3751 1222 3812 quoque
1232 3731 1373 3814 populus
1385 3734 1555 3795 Romanus

402 3846 438 3908 de
453 3841 647 3908 Macedonia
661 3838 756 3903 duxit
771 3860 807 3901 ac
822 3836 906 3901 uidit
927 3836 1144 3918 triumphum3
1175 3835 1294 3920 quippe
1316 3837 1409 3901 cuius
1433 3849 1555 3923 specta-

404 4016 413 4065 1
428 4028 520 4083 perses
532 4028 575 4063 om
585 4021 606 4063 Β
618 4008 627 4077 l
641 4011 656 4061 2
670 4005 837 4059 ueementius
850 4004 865 4056 b
878 4005 887 4074 1
900 4007 915 4056 3
929 4010 1098 4072 consurgunt
1115 4014 1137 4054 N
1150 4003 1158 4072 11
1172 4005 1278 4058 trechas
1289 4018 1315 4059 N
1325 4006 1334 4076 11
1342 4013 1410 4076 pato
1422 4007 1450 4059 in
1461 4025 1505 4060 res
1519 4008 1527 4077 11
1540 4012 1555 4060 l

401 4104 519 4151 traxerat
530 4109 549 4149 Β
562 4096 571 4166 11
584 4092 720 4148 industrie
731 4090 924 4143 macedonibus
940 4088 1065 4141 thracum
1084 4088 1226 4158 disciplina
1236 4104 1256 4145 Β
1269 4091 1278 4162 11
1291 4096 1305 4144 5
1321 4092 1490 4161 disciplinam
1503 4110 1557 4145 ma-

403 4183 559 4237 cedonicam
571 4193 596 4234 N
606 4181 615 4252 11
629 4183 644 4233 6
663 4178 707 4231 hic
718 4188 744 4230 N
754 4176 763 4248 11
776 4193 792 4229 a
804 4193 845 4227 om
856 4187 881 4227 N
892 4174 901 4244 11
915 4178 929 4226 'l
943 4174 1040 4226 abmta
1050 4184 1094 4225 ΒΝ
1105 4174 1113 4243 11
1127 4176 1142 4225 8
1155 4174 1308 4244 reliquisset
1319 4189 1338 4229 Β
1351 4177 1359 4245 11
1374 4180 1389 4228 9
1403 4176 1559 4229 uiderentur

401 4279 426 4321 N
436 4268 445 4338 11
458 4274 551 4320 mman
562 4263 674 4333 ambri:
686 4280 749 4315 nam
760 4272 804 4313 ΒΝ
815 4260 824 4330 11
839 4261 868 4310 11
883 4259 1027 4311 astundam
1038 4270 1063 4311 N
1073 4258 1082 4327 11
1095 4274 1144 4328 per
1152 4259 1263 4312 acerbos
1276 4261 1427 4330 dubiosque
1439 4261 1559 4313 tumulos

401 4365 426 4406 N
436 4353 445 4422 11
458 4352 507 4405 illa
518 4368 588 4422 quas
600 4348 758 4403 uolneribus
769 4358 795 4398 N
806 4344 814 4414 11
830 4349 860 4398 12
874 4350 905 4397 ut
920 4360 962 4395 om
975 4355 1000 4396 N
1010 4342 1019 4411 11
1032 4343 1177 4396 uidebatur
1193 4356 1219 4396 N
1229 4345 1238 4414 11
1254 4348 1284 4397 13
1305 4344 1445 4415 eruptione
1463 4344 1560 4397 terruit

400 4450 425 4491 N
435 4438 444 4507 11
459 4441 491 4490 15
504 4442 534 4489 et
543 4452 587 4488 om
598 4447 623 4488 N
633 4435 642 4506 11
659 4436 688 4487 16
702 4431 781 4486 creba
791 4442 817 4483 N
827 4430 836 4500 11
852 4432 881 4481 17
895 4428 1021 4497 depressa
1032 4440 1056 4480 N
1072 4429 1081 4497 11
1104 4430 1134 4480 18
1147 4426 1213 4481 alias
1225 4429 1358 4481 eminatas
1370 4428 1436 4481 alias
1448 4428 1560 4500 inrepis·

402 4531 443 4576 set
453 4534 479 4575 N
490 4523 499 4592 11
514 4524 545 4573 19
558 4536 591 4573 ao
603 4531 628 4572 N
638 4519 647 4589 11
661 4520 691 4570 21
708 4516 814 4570 delubri
832 4515 949 4569 Tollius:
964 4511 1062 4567 celebri
1073 4524 1118 4564 ΒΝ
1128 4512 1137 4581 11
1151 4515 1183 4564 23
1200 4512 1341 4565 ammissae
1358 4513 1445 4582 Β1124
1465 4521 1493 4567 et
1510 4515 1560 4568 im·

402 4615 554 4677 peratorem
569 4618 589 4658 Β
602 4605 611 4667 11
624 4621 655 4657 ac
673 4604 722 4656 illo
741 4601 902 4670 confugerat
911 4611 937 4652 N
948 4598 957 4668 11
970 4602 1003 4652 26
1026 4598 1183 4667 magestatis
1204 4609 1224 4650 Β
1237 4596 1246 4665 11
1259 4600 1291 4649 27
1313 4606 1460 4668 conspectu
1478 4611 1498 4652 Β
1511 4600 1519 4668 11
1533 4598 1561 4651 in

401 4692 533 4761 templum
544 4703 569 4744 N
580 4690 589 4761 11
