3809 5534
447 601 489 661 90
932 620 1003 664 rvu
1019 620 1116 665 raom

450 782 652 836 antecessum
667 769 825 854 sanguine
840 782 970 834 senatus
986 771 1048 834 sibi
1064 772 1278 854 parentabant
1285 819 1295 848 ,
1312 773 1507 854 obsessaque
1522 770 1611 833 curia

450 876 495 941 sic
511 878 551 940 de
563 886 679 940 senatu
690 875 782 959 quasi
793 877 833 939 de
848 897 971 940 carcere
986 876 1043 960 qui
1056 877 1282 961 iugularentur
1296 877 1414 941 educti.
1449 887 1609 960 quantum

450 983 601 1046 fimorum
615 982 651 1046 in
665 982 750 1059 foro,
768 982 802 1045 in
818 981 913 1059 circo,
930 982 966 1045 in
979 983 1199 1066 penetralibus
1215 983 1363 1068 templis?
1385 1005 1463 1047 nam
1478 983 1609 1047 Mucius

453 1090 609 1153 Scaeuola
634 1089 782 1173 pontifex
804 1088 945 1153 Vestalis
972 1090 1142 1172 amplexus
1163 1112 1234 1154 aras
1256 1101 1386 1154 tantum
1407 1112 1476 1153 non
1498 1091 1610 1154 eodem

452 1196 527 1279 igne
550 1195 723 1291 sepelitur..
740 1196 939 1279 Lamponius
961 1207 1057 1278 atque
1079 1196 1266 1274 Telesinus,
1291 1196 1478 1260 Samnitum
1498 1198 1607 1271 duces,
1628 1209 1649 1257 5

453 1301 591 1367 atrocius
607 1301 732 1385 Pyrrho
747 1312 779 1364 et
793 1301 957 1365 Annibale
971 1302 1185 1385 Campaniam
1205 1303 1431 1386 Etruriamque
1441 1303 1609 1385 -populan-

454 1421 524 1485 tur,
543 1417 575 1471 et
590 1409 651 1472 sub
666 1407 771 1490 specie
785 1408 927 1490 partium
942 1430 977 1471 se
992 1408 1173 1473 uindicant.
1196 1412 1283 1494 apud
1298 1409 1522 1493 Sacriportum
1538 1410 1610 1473 Col-

453 1515 616 1598 linamque
631 1525 757 1598 portam
771 1516 950 1578 debellatae
965 1537 1076 1578 omnes
1090 1516 1234 1580 hostium
1250 1516 1361 1599 copiae
1369 1541 1378 1592 ;
1403 1516 1450 1579 ibi
1472 1515 1609 1591 Marius,

453 1620 508 1685 bic
522 1621 692 1686 Telesinus
708 1620 862 1703 oppressi.
887 1644 947 1686 nec
962 1622 1050 1686 idem
1065 1632 1175 1685 tamen
1189 1621 1336 1685 caedium
1358 1622 1415 1705 qui
1436 1621 1518 1685 belli
1538 1620 1611 1684 finis

453 1727 528 1791 fuit.
546 1727 650 1791 stricti
666 1727 754 1790 enim
769 1736 802 1789 et
815 1727 850 1790 in
861 1749 940 1810 pace
951 1728 1064 1811 gladii,
1082 1728 1405 1811 animaduersumque
1420 1727 1456 1790 in
1472 1750 1540 1803 eos,
1557 1726 1611 1809 qni
1629 1739 1654 1788 lt

456 1856 490 1897 se
504 1844 619 1916 sponte
633 1829 838 1897 dediderant}
859 1834 968 1898 minus
984 1845 1052 1911 est,
1075 1836 1162 1918 qnod
1177 1846 1256 1919 aput
1272 1834 1511 1919 Sacriportum,
1536 1842 1612 1916 aput

456 1940 620 2003 Collinam
650 1939 857 2023 septuaginta
887 1939 1027 2022 amplius
1060 1941 1154 2004 milia
1180 1942 1273 2004 Sulla
1298 1940 1454 2004 concidit:
1491 1940 1612 2004 bellum

457 2054 535 2109 erat.
567 2056 719 2128 quattuor
739 2045 831 2108 milia
851 2046 1035 2110 deditorum
1056 2046 1229 2110 inermium
1250 2045 1373 2110 ciuium
1393 2046 1430 2109 in
1452 2046 1536 2110 uilla
1556 2068 1610 2129 pu-

456 2151 542 2215 blica
555 2151 694 2215 interfici
708 2152 819 2216 iussit:
844 2153 900 2216 isti
922 2163 971 2216 tot
991 2153 1027 2215 in
1042 2174 1120 2237 pace
1135 2175 1199 2216 non
1224 2154 1331 2236 plures
1352 2152 1448 2217 sunt?
1472 2152 1546 2236 quis
1561 2174 1611 2215 au·

458 2268 525 2321 tem
538 2258 612 2322 illos
627 2269 733 2342 potest
747 2269 940 2342 conputare,
964 2281 1044 2343 quos
1059 2260 1094 2323 in
1109 2261 1188 2323 urbe
1203 2260 1324 2343 passim
1338 2259 1487 2343 quisquis
1509 2259 1610 2322 uoluit
1625 2267 1646 2317 15

457 2364 593 2428 occidit?
620 2366 721 2428 donec
749 2367 941 2429 admonente
964 2365 1113 2440 Fufidio,
1140 2366 1251 2428 uiuere
1275 2366 1399 2449 aliquos
1421 2366 1558 2443 debere,
1580 2376 1612 2428 ut

458 2481 566 2533 essent
599 2471 716 2553 quibus
739 2471 927 2554 imperaret,
955 2471 1119 2555 proposita
1139 2481 1188 2535 est
1208 2471 1325 2554 ingene
1351 2471 1410 2534 illa
1431 2472 1563 2548 tabula,
1585 2480 1612 2533 et

459 2599 500 2642 ex
520 2577 591 2659 ipso
612 2578 768 2661 equestris
790 2578 910 2642 ordinis
933 2579 1010 2641 flore
1033 2600 1070 2641 ac
1090 2589 1206 2641 senatu
1230 2580 1295 2641 duo
1315 2576 1407 2639 milia
1427 2577 1543 2653 electi,
1564 2575 1613 2660 qui

458 2683 540 2746 mon'
554 2683 757 2748 iuberentur:
773 2684 851 2747 noui
862 2684 989 2767 generis
1001 2685 1153 2747 edictum.
1175 2685 1310 2767 longum
1320 2694 1394 2766 post
1408 2684 1492 2748 haec
1507 2684 1613 2747 referre

460 2789 598 2853 ludibrio
614 2790 726 2853 habita
739 2791 807 2853 fata
822 2790 997 2866 Carbonis,
1014 2790 1083 2853 fata
1098 2790 1230 2866 Sorani,
1248 2790 1427 2854 Plaetorios
1443 2799 1543 2873 atque
1557 2791 1613 2854 Ve-
1626 2797 1647 2846 11

460 2895 604 2972 nnleios,
626 2895 784 2959 Baebium
809 2895 878 2959 sine
900 2896 983 2958 ferro
1004 2896 1072 2960 ritu
1091 2897 1231 2959 serarum
1244 2896 1329 2960 inter
1342 2918 1462 2959 manus
1478 2896 1612 2960 lancina-

462 3011 544 3077 tum,
562 3001 716 3077 Marium,
734 3002 825 3065 ducis
841 3002 942 3085 ipsius
958 3002 1101 3078 fratrem,
1118 3014 1198 3085 aput
1213 3003 1323 3067 Catuli
1344 3004 1533 3086 sepulcrum
1548 3024 1613 3066 ocu·

461 3106 502 3171 lis
518 3107 656 3185 effossis,
673 3107 823 3172 manibus
839 3108 1049 3191 cruribusque
1072 3108 1208 3171 effractis
1229 3119 1396 3172 seruatum
1417 3108 1613 3193 aliquandiu,

461 3223 499 3277 ut
513 3236 570 3296 per
585 3214 715 3297 singula
728 3216 872 3278 membra
892 3225 1078 3278 moreretur.
1102 3215 1206 3298 possis
1229 3214 1432 3297 singulorum
1452 3215 1615 3278 hominum

462 3320 543 3383 serre
557 3342 695 3403 poenas:
721 3319 899 3403 municipia
920 3320 1036 3384 Italiae
1051 3321 1312 3402 splendidissima
1326 3323 1387 3385 sub
1402 3322 1501 3385 hasta
1514 3320 1613 3385 uenie
1627 3326 1648 3375 ²⁵

461 3436 538 3490 runt
554 3426 736 3511 Spoletium
751 3425 989 3490 Interamnium
1005 3427 1178 3490 Praeneste
1193 3427 1368 3491 Florentia.
1401 3450 1482 3491 nam
1498 3429 1613 3492 Sulmo

462 3555 556 3609 nem,
580 3544 675 3598 uetus
699 3533 853 3617 oppidum
879 3533 1003 3597 socium
1024 3544 1120 3616 atque
1143 3532 1284 3596 amicum
1307 3572 1345 3583 -
1366 3534 1496 3597 facinus
1519 3532 1613 3615 indig-

465 3924 481 3973 2
494 3928 625 3989 quantum
638 3921 667 3973 id
679 3922 805 3976 funerum
816 3937 851 3989 Β,
866 3925 933 3996 quid
951 3939 977 3978 N
987 3925 996 3996 11
1011 3929 1025 3978 3
1037 3925 1067 3977 id
1080 3923 1150 3977 circo
1162 3935 1182 3976 Β
1195 3920 1204 3991 11
1217 3923 1403 3993 penetralibus
1415 3922 1516 3993 scripsi
1522 3944 1532 3975 .·
1551 3920 1616 3993 peni·

465 4004 586 4058 tentibus
597 4017 631 4069 Β,
646 4007 803 4076 patentibus
819 4022 845 4062 N
855 4010 863 4080 11
877 4029 939 4064 nam
959 4028 1019 4064 cum
1039 4009 1145 4063 mucius
1156 4022 1182 4062 N
1192 4009 1201 4078 11
1214 4009 1317 4064 mutius
1329 4023 1348 4063 Β
1361 4010 1370 4080 11
1383 4015 1400 4063 4
1414 4010 1535 4065 uestales
1553 4008 1616 4077 Ν15

465 4091 607 4161 sepellitur
618 4104 638 4144 Β
651 4092 659 4162 1
672 4092 760 4147 lucius
772 4096 915 4165 amponius
926 4108 946 4148 Β
959 4096 968 4164 11
982 4099 997 4148 6
1009 4095 1178 4166 eturiamque
1196 4106 1216 4147 Β
1228 4095 1237 4165 11
1252 4099 1266 4146 7
1286 4096 1375 4165 specie
1392 4096 1503 4166 parium
1521 4094 1616 4168 parium

464 4196 493 4232 se
506 4177 671 4232 uindicando
682 4190 702 4230 Β
715 4179 724 4249 11
737 4178 878 4233 uindicant
889 4199 939 4235 nec
951 4182 1025 4251 apud
1036 4193 1061 4235 N
1072 4181 1080 4251 11
1094 4183 1110 4232 9
1121 4198 1157 4233 ne
1167 4193 1188 4236 Β
1207 4180 1216 4250 ΙΙ
1228 4180 1301 4233 bello
1312 4193 1332 4234 Β
1343 4179 1352 4250 1
1375 4183 1407 4233 10
1427 4188 1457 4235 et
1477 4201 1521 4235 orn
1536 4194 1556 4235 Β
1571 4180 1580 4249 1
1594 4179 1616 4230 11

465 4272 561 4335 sponte
574 4281 617 4317 me
631 4263 791 4318 dediderant
802 4278 822 4318 Β
834 4265 843 4336 1
860 4268 890 4318 12
903 4266 977 4320 milia
989 4266 1105 4337 amplius
1116 4279 1136 4319 Β
1149 4267 1157 4337 11
1171 4266 1269 4337 syllan
1283 4266 1292 4336 1
1307 4270 1338 4321 13
1350 4266 1459 4320 milium
1471 4280 1493 4322 Β
1505 4268 1515 4338 11
1531 4271 1562 4321 16
1573 4266 1619 4319 Fu·

466 4349 531 4403 fidio
542 4350 690 4403 Dukerua:
703 4349 811 4403 forfidio
820 4363 848 4415 Β,
863 4351 1004 4405 furfidioN
1014 4353 1022 4423 11
1036 4350 1155 4422 aliquca
1168 4352 1177 4421 11
1192 4355 1222 4403 17
1235 4352 1401 4423 imperarent
1410 4353 1457 4423 Ν1
1474 4357 1506 4407 18
1520 4368 1619 4423 seques

463 4436 500 4487 tri
517 4436 561 4505 Ν1
575 4453 606 4488 ac
619 4465 652 4475 —
665 4435 744 4489 electi
756 4454 799 4489 om
810 4448 830 4489 Β
842 4435 851 4506 11
867 4438 898 4488 19
911 4436 1031 4490 edictum
1050 4437 1127 4507 piget
1144 4445 1207 4508 post
1222 4450 1249 4491 N
1265 4438 1274 4510 1
1294 4438 1364 4491 ferro
1379 4451 1400 4492 Β
1419 4440 1428 4509 11
1449 4443 1484 4493 20
1497 4438 1572 4494 abita
1581 4433 1619 4504 111

466 4519 537 4573 facta
549 4520 588 4573 bis
599 4533 619 4574 Β
632 4522 640 4592 11
652 4521 801 4591 plaetorius
813 4534 841 4587 Β,
856 4522 1006 4592 praetorios
1017 4534 1043 4576 N
1052 4524 1061 4593 11
1075 4523 1219 4577 uennleius
1234 4536 1254 4577 Β
1267 4524 1277 4594 1
1297 4526 1328 4577 21
1346 4522 1484 4579 laniatum
1495 4538 1516 4579 Β
1528 4525 1538 4596 1
1551 4526 1581 4577 13
1593 4519 1623 4575 ef·

467 4603 546 4657 fossis
565 4623 607 4658 om
624 4618 650 4658 N
660 4606 668 4676 1
682 4607 796 4661 defossis
808 4619 834 4661 N
844 4607 854 4679 11
866 4606 1034 4677 aliquamdiu
1046 4616 1075 4664 et
1084 4621 1110 4663 N
1120 4609 1129 4679 11
1141 4612 1175 4662 24
1188 4609 1285 4679 positis
1295 4621 1321 4662 N
1331 4610 1340 4679 11
1354 4611 1387 4661 2⁵
1404 4609 1463 4664 iere
1476 4611 1573 4683 poenis
1582 4620 1606 4665 N
1613 4605 1621 4677 1

467 4694 528 4740 asta
538 4700 582 4742 ΒΝ
592 4688 601 4758 1
616 4692 648 4743 26
661 4691 840 4748 interranium
851 4706 871 4748 Β
884 4693 893 4764 1
906 4689 1034 4748 florentii
1044 4706 1064 4747 Β
1076 4694 1087 4765 1
1099 4711 1162 4746 nam
1174 4694 1218 4747 del
1228 4694 1257 4747 iu
1267 4707 1288 4748 Β
1298 4697 1313 4747 2
1325 4712 1409 4749 mona
1422 4696 1432 4764 1
1445 4696 1572 4752 sulmone
1582 4705 1605 4749 N
1613 4691 1620 4759 1
