3809 5534
841 654 1038 701 rnsrrfflo.
1390 646 1541 705 XXXVII

369 828 434 889 quo
449 806 544 884 modo
559 806 619 868 sub
634 805 783 890 Augusto
799 805 839 869 ad
854 826 966 889 pacem
988 817 1020 872 61
1042 806 1184 892 quietem
1205 794 1343 893 populus
1355 831 1537 874 senescens

370 912 437 974 iam
451 909 651 998 peruenerit,
673 908 708 971 in
730 931 793 992 quo
807 912 906 975 finem
921 912 1017 989 facit,
1043 935 1118 976 cum
1139 916 1179 977 (16
1193 913 1263 998 ipsa
1278 925 1441 980 senectute
1455 916 1539 979 nihil

371 1019 488 1081 addere
502 1016 538 1079 in
553 1016 662 1081 animo
676 1016 835 1080 babuerit.
868 1039 932 1102 qua
953 1017 988 1081 in
1009 1041 1042 1082 re
1064 1019 1098 1082 id
1120 1041 1246 1103 quoque
1267 1030 1382 1085 notatu
1403 1021 1538 1105 dignum

370 1134 438 1200 est,
466 1124 553 1207 quod
561 1170 571 1200 ,
601 1143 677 1212 cum
698 1143 800 1207 usqua
822 1122 863 1186 ad
885 1122 1071 1207 Augustum
1086 1124 1243 1208 populum
1257 1127 1443 1192 Romanum
1458 1137 1538 1191 tam·

370 1252 470 1315 quam
489 1250 593 1294 uuum
614 1223 779 1302 hominem
805 1228 956 1305 finxerit,
987 1228 1044 1312 qui
1072 1251 1212 1294 summas
1233 1252 1282 1296 res
1308 1230 1376 1315 ipse
1401 1233 1537 1319 perficit,

369 1346 483 1419 postea
496 1336 683 1419 Augustum
699 1333 790 1418 quasi
806 1332 962 1397 inlocum
978 1333 1090 1418 populi
1105 1336 1245 1400 Romani
1261 1340 1426 1402 succedere
1442 1349 1538 1424 atque

369 1465 408 1506 ea
421 1451 601 1526 perpetrare
616 1439 729 1526 fingit,
747 1462 827 1522 quac
843 1450 937 1503 antea
951 1440 1089 1524 populus
1105 1451 1223 1525 egerat.
1262 1465 1377 1507 uerum
1391 1444 1489 1507 etiam
1503 1445 1538 1508 in
1649 1458 1652 1465 '

370 1546 509 1629 singulis
524 1547 618 1610 rebus
634 1546 819 1611 enarrandis
836 1568 960 1630 semper
974 1556 1099 1610 certum
1113 1550 1274 1632 quendam
1288 1549 1432 1613 ordinem
1446 1574 1537 1634 prae-

369 1652 480 1716 scribit
507 1673 603 1736 quem
628 1663 851 1736 persecuturus
874 1663 933 1716 661.
977 1652 1024 1716 116
1050 1654 1178 1737 quodp
1205 1659 1261 1731 12,
1286 1660 1325 1716 27
1354 1658 1534 1739 profitetur,

365 1753 462 1822 ‘liber
477 1757 543 1821 e‘om
565 1757 641 1824 diac
654 1758 795 1842 populus
811 1759 979 1823 Romanus
989 1758 1103 1843 primo
1124 1760 1279 1846 aduersus
1299 1768 1419 1826 eeteros
1444 1783 1537 1826 arma

361 1886 426 1946 pro
443 1863 586 1928 libertate
602 1864 774 1950 6666116611,
798 1886 870 1929 mox
883 1886 948 1947 pro
961 1865 1109 1948 finibus,
1136 1864 1249 1930 deinde
1263 1887 1328 1950 pro
1342 1865 1452 1944 sociis,
1472 1876 1537 1933 tum

365 1969 474 2054 ploria
488 1979 519 2034 et
532 1964 693 2059 imperio’,
709 1970 742 2033 id
758 1982 904 2035 accurate
920 1970 1101 2053 exequitur.
1130 1970 1166 2036 of
1175 1992 1197 2055 p
1216 1978 1266 2049 13,
1293 1967 1439 2056 8‘palsr's
1461 1974 1538 2039 urbe

368 2076 497 2161 repobus
512 2076 626 2159 prime
643 2098 707 2159 pro
724 2076 868 2141 libertate
882 2097 977 2139 armo
992 2065 1179 2158 eorrt’pue‘t’r
1203 2098 1224 2160 p
1243 2084 1295 2155 74,
1316 2084 1352 2143 19
1367 2073 1536 2148 ‘harenas

360 2205 426 2266 pro
443 2183 598 2258 libertate,
616 2203 688 2246 mor
703 2182 873 2267 defluebar
888 2217 930 2232 -
937 2190 1119 2267 paeantem
1140 2175 1216 2258 est',·
1241 2205 1263 2266 p
1283 2192 1332 2261 17,
1352 2191 1368 2247 5
1394 2176 1466 2267 ‘pro
1488 2207 1535 2249 so·

369 2289 427 2353 ciis
442 2291 608 2353 Romanas
624 2281 809 2354 interuenit’
822 2298 854 2353 61
866 2311 887 2373 p
904 2295 957 2365 26,
976 2296 994 2351 4
1007 2282 1078 2373 ‘pro
1090 2288 1183 2353 sociis
1196 2287 1360 2354 Samnitas
1377 2283 1535 2366 inuadit',·

367 2417 389 2478 p
407 2402 460 2471 25,
479 2402 516 2459 21
531 2388 629 2460 ‘ultro
637 2393 791 2480 persequi
803 2394 901 2459 socios
922 2396 1058 2461 hostium
1071 2388 1227 2480 placuit’,
1247 2394 1369 2460 scilicet
1389 2415 1447 2478 pro
1467 2394 1535 2478 glo·

367 2502 416 2563 ria
430 2511 463 2563 61
478 2500 623 2584 imperio.
649 2500 796 2564 similiter
809 2501 845 2563 in
861 2501 1071 2566 seditionibus
1084 2499 1268 2566 enarrandis
1280 2511 1403 2566 certum
1417 2500 1535 2576 fixum·

368 2628 430 2691 que
453 2606 598 2672 ordinem
619 2617 706 2671 tenet
732 2616 764 2669 61
786 2607 897 2673 lectori
918 2608 1080 2684 inculcat,
1104 2611 1196 2691 p26,
1218 2612 1254 2670 12
1277 2627 1346 2690 sqq.
1380 2604 1431 2686 ¹ita
1451 2605 1536 2667 bello

369 2712 495 2777 Punico
510 2713 613 2804 primo
623 2715 721 2794 ,finito
736 2736 757 2798 p
775 2721 826 2791 33,
845 2720 862 2775 9
888 2714 1023 2797 Ligures
1039 2712 1151 2776 Gallos
1167 2710 1295 2797 Illyrios
1316 2710 1458 2797 primum
1479 2731 1535 2774 no·

367 2818 491 2894 minat,
509 2829 547 2882 ut
567 2828 669 2908 pel,
697 2827 735 2886 30
759 2819 983 2884 Macedoniam
1005 2818 1175 2884 Graeciam
1197 2817 1335 2903 Syriam,
1357 2817 1475 2888 deinde
1496 2817 1536 2882 de

368 2923 506 3007 singulis
521 2925 759 3014 eodemordine
774 2927 879 2991 refert.
904 2938 1016 3008 postea
1026 2948 1107 3009 quae
1117 2935 1226 2989 namet
1237 2923 1285 2988 ita
1295 2925 1376 2987 solet
1391 2922 1537 2988 ordinare

367 3040 405 3092 ut
420 3029 502 3096 caeli
517 3031 661 3122 regiones
677 3044 842 3116 sequatur,
858 3032 905 3096 ita
920 3043 1029 3095 tamen
1050 3042 1088 3095 ut
1104 3052 1228 3114 semper
1248 3030 1400 3099 lectorem
1422 3031 1461 3093 (16
1475 3029 1537 3093 hoc

367 3136 478 3202 ordine
500 3148 646 3224 moueat3
672 3138 746 3221 cfp
772 3143 823 3215 56,
842 3144 899 3214 263
927 3144 979 3213 57,
1001 3143 1057 3212 193
1084 3143 1135 3213 59,
1157 3141 1193 3200 16
1202 3160 1211 3211 ;
1238 3140 1290 3211 63,
1309 3142 1361 3198 22.
1384 3158 1406 3219 p
1425 3139 1476 3211 66,
1495 3141 1534 3211 23

368 3248 427 3319 243
455 3249 515 3326 67,
541 3251 569 3308 1.
602 3248 792 3327 p‚115‚2;
821 3247 896 3319 126,
916 3249 954 3317 2;
974 3248 1015 3319 9;
1044 3249 1115 3319 121,
1134 3248 1164 3305 2.
1203 3251 1333 3327 possent
1347 3242 1426 3305 haec
1441 3241 1536 3324 longe

367 3349 548 3437 accuratius
563 3359 659 3436 atque
674 3347 874 3432 enucleatius
886 3347 1017 3432 exponi,
1034 3347 1061 3411 si
1077 3370 1158 3433 opus
1172 3358 1255 3411 esset
1262 3372 1271 3423 ;
1296 3347 1351 3410 uel
1366 3346 1412 3411 sic
1425 3345 1536 3430 paullo

366 3454 573 3524 attentiorem
587 3455 696 3542 fugere
711 3476 777 3517 non
798 3464 921 3539 potest,
945 3454 1102 3519 librorum
1121 3464 1155 3517 61
1176 3452 1318 3537 capitum
1339 3451 1536 3515 distributio·

365 3584 453 3638 nem,
471 3561 575 3644 qualis
585 3560 628 3639 ,iu
641 3560 802 3626 codicibus
819 3559 936 3623 tradita
950 3559 1012 3637 sit,
1034 3582 1101 3624 non
1122 3557 1253 3641 adsequi
1269 3557 1387 3620 subtile
1402 3579 1537 3620 acumen

366 3688 429 3749 quo
452 3666 669 3756 Florusfopus
689 3686 786 3730 suum
813 3664 966 3729 formauit
993 3665 1126 3748 ideoque
1148 3666 1189 3727 ab
1211 3685 1248 3726 6ο
1268 3662 1445 3746 profectam
1467 3686 1536 3728 6666

363 3772 457 3834 66116
483 3773 578 3835 modo
603 3792 707 3858 posse.
746 3760 893 3855 equidem
918 3772 1043 3834 nullam
1065 3791 1195 3850 causam
1209 3768 1324 3845 uideo,
1347 3791 1405 3833 cur
1424 3772 1538 3836 Florus

363 3877 483 3941 librum
510 3887 578 3954 tam
597 3877 691 3964 parui
706 3877 880 3942 uoluminis
896 3877 931 3941 in
945 3878 1054 3962 plures
1069 3886 1181 3962 partes·
1199 3874 1350 3940 diuisisse
1370 3880 1536 3961 putandus

364 3984 425 4061 sit,
442 3982 552 4067 potius
567 3983 743 4047 uerisimile
758 3984 839 4047 mihi
854 3984 983 4047 uidetur
1005 3982 1124 4048 librum
1145 3981 1341 4067 singularem
1364 3985 1404 4046 ab
1426 4006 1464 4049 eo
1478 4006 1537 4068 pu·

363 4090 521 4154 blicatum
542 4089 659 4155 fuisse:
685 4113 748 4178 quo
771 4090 879 4167 titulo,
902 4088 1077 4154 nescimus.
1111 4099 1253 4154 ceterum
1273 4089 1358 4173 quod
1381 4100 1475 4153 antea
1498 4112 1539 4152 ex

365 4195 515 4260 codicum
528 4196 637 4260 indole
652 4195 796 4260 adsecuti
811 4218 935 4273 sumus,
954 4216 995 4259 ex
1007 4195 1105 4279 longo
1116 4193 1193 4259 inde
1205 4205 1346 4277 tempore
1361 4195 1538 4259 multorum

364 4324 481 4365 manus
496 4323 630 4386 passum
645 4323 713 4366 esse
733 4301 822 4365 hunc
838 4300 924 4365 Flori
939 4301 1061 4363 librum
1067 4349 1078 4379 ,
1102 4300 1138 4366 id
1152 4301 1251 4365 etiam
1264 4300 1316 4365 his
1331 4302 1538 4363 confirmatur

364 4428 445 4491 quae
461 4408 502 4471 (16
517 4406 781 4491 inscriptionibus
797 4418 829 4471 et
845 4406 1060 4471 diuisionibus
1074 4409 1171 4471 modo
1186 4406 1350 4491 disputata
1368 4415 1456 4469 sunt.

450 4514 524 4575 Iam
539 4535 616 4576 uero
630 4512 687 4578 ubi
702 4534 740 4577 eo
754 4523 948 4598 peruentum
963 4522 1012 4576 est
1026 4522 1064 4577 ut
1078 4515 1118 4576 (16
1133 4513 1203 4597 ipso
1218 4513 1312 4578 Floro
1328 4532 1535 4593 quaeramus,

365 4618 452 4682 hunc
468 4611 595 4704 quoque
611 4619 758 4684 codicum
772 4618 920 4684 dissensu
935 4618 1028 4703 quasi
1042 4618 1204 4703 duplicem
1218 4616 1289 4682 fieri
1315 4616 1475 4683 uidemus.
1507 4624 1544 4683 N

365 4733 396 4788 61
410 4742 431 4805 ς
447 4724 637 4808 scriptorem
652 4724 727 4789 libri
741 4734 860 4790 uocant
875 4724 914 4788 L.
932 4726 1105 4789 Annaeum
1120 4724 1263 4789 Florum.
1304 4724 1363 4789 sed
1386 4723 1458 4808 quis
1479 4724 1541 4787 iste
