3809 5534
959 625 1030 670 lVLl
1047 625 1145 673 mom

696 777 814 843 XXX.
838 776 1025 843 BELLVM
1040 776 1369 843 GERMANICVM.

467 980 676 1048 Germaniam
692 1002 817 1066 quoque
838 980 967 1045 utinam
985 980 1114 1046 uincere
1136 978 1220 1042 tanti
1241 999 1309 1044 non
1328 977 1499 1062 putasset!
1523 975 1623 1061 magis

467 1089 604 1173 turpiter
619 1088 735 1152 amissa
750 1098 798 1154 est
812 1109 910 1172 quam
924 1086 1062 1171 gloriose
1073 1085 1246 1169 adquisita.
1263 1095 1313 1149 set
1327 1094 1491 1168 quatenus
1505 1082 1624 1148 sciebat

466 1206 590 1280 patrem
605 1218 700 1259 suum
715 1196 753 1259 C.
772 1195 940 1258 Caesarem
954 1192 1004 1256 bis
1017 1202 1238 1255 transuectum
1248 1201 1346 1277 ponte
1358 1190 1516 1254 Rhenum
1530 1211 1623 1272 quae-

466 1302 545 1365 sisse
558 1301 699 1378 bellum,
716 1282 752 1366 in
766 1300 854 1365 illius
875 1300 1031 1365 honorem
1052 1298 1258 1382 concupierat
1278 1298 1382 1362 facere
1403 1295 1621 1381 prouinciam3
1649 1311 1658 1361 ε

467 1419 499 1473 et
514 1409 636 1471 factum
652 1417 738 1484 erat,
763 1407 791 1470 si
803 1406 931 1471 barbari
947 1416 1015 1470 tam
1036 1404 1119 1470 uitia
1137 1415 1248 1468 nostra
1270 1426 1369 1486 quam
1388 1402 1527 1488 imperia
1545 1403 1623 1466 ferre

467 1514 659 1601 potuissent.
811 1509 814 1515 ’
1429 1567 1434 1577 ,

551 1620 673 1684 Missus
687 1618 724 1681 in
739 1642 809 1683 eam
824 1617 1025 1705 prouinciam
1040 1620 1166 1683 Drusus
1185 1616 1305 1702 primos
1320 1614 1448 1681 domuit
1462 1615 1622 1700 Vsipetes,

465 1727 541 1791 inde
557 1729 730 1789 Tencteros
745 1724 902 1808 percurrit
917 1736 949 1787 et
965 1726 1113 1789 Catthos.
1138 1747 1215 1788 nam
1230 1727 1538 1787 Marcomannorum
1554 1743 1619 1804 spo-

466 1832 519 1895 liis
535 1844 567 1895 et
581 1831 764 1915 insignibus
779 1834 940 1915 quendam
956 1831 1079 1895 editum
1104 1830 1267 1894 tumulum
1288 1830 1323 1892 in
1346 1829 1470 1913 tropaei
1492 1830 1620 1891 modum
1633 1837 1656 1887 11

467 1937 619 2001 excoluit.
644 1936 721 2000 inde
736 1938 951 2003 ualidissimas
966 1938 1114 2002 nationes
1130 1937 1309 2001 Cheruscos
1325 1938 1515 2022 Suebosque
1531 1945 1564 1999 et
1576 1933 1617 1997 Si·

467 2044 610 2134 cambros
625 2042 744 2126 pariter
758 2045 927 2126 adgressus
943 2053 1009 2119 est,
1032 2044 1088 2126 qui
1110 2042 1230 2127 uiginti
1245 2042 1490 2106 centurionibus
1504 2042 1540 2105 in
1555 2064 1616 2104 cru·

433 2185 439 2199 ·
467 2172 537 2214 cem
552 2149 631 2212 actis
653 2149 715 2212 hoc
735 2148 827 2212 uelut
848 2160 1048 2213 sacramento
1063 2160 1266 2233 sumpserant
1278 2149 1420 2226 bellum,
1443 2151 1525 2212 adeo
1540 2159 1617 2212 certa

469 2257 622 2320 uictoriae
649 2278 705 2339 spe
730 2266 768 2317 ut
793 2257 945 2338 praedam
972 2265 1047 2318 ante
1071 2255 1221 2339 pactione
1247 2254 1428 2319 diuiserint.
1470 2253 1617 2319 Cherusci

470 2385 586 2446 equos,
605 2361 704 2426 Suebi
719 2383 834 2424 nurum
849 2373 881 2424 et
896 2371 1084 2445 argentum,
1108 2362 1266 2426 Sicambri
1280 2361 1426 2444 captiuos
1442 2365 1615 2446 elegerant3
1632 2368 1658 2420 15

470 2470 526 2532 sed
541 2468 649 2532 omnia
663 2477 846 2531 retrorsum.
878 2468 983 2532 uictor
1003 2489 1143 2551 namque
1165 2470 1291 2533 Drusus
1312 2490 1411 2552 equos
1431 2489 1550 2552 pecora
1564 2479 1617 2531 tor·

470 2597 547 2659 ques
564 2596 674 2638 eorum
696 2572 845 2657 ipsosque
866 2577 1018 2657 praedam
1040 2573 1153 2638 diuisit
1174 2586 1207 2638 et
1228 2574 1377 2639 uendidit
1401 2588 1435 2640 et
1461 2579 1619 2659 praeterea

468 2682 504 2743 in
519 2681 655 2744 tutelam
670 2680 854 2763 prouinciae
868 2680 1029 2765 praesidia
1043 2691 1140 2765 atque
1155 2681 1316 2746 custodias
1331 2683 1452 2766 ubique
1468 2681 1619 2768 disposuit

468 2810 527 2870 per
541 2788 668 2850 Mosam
683 2787 824 2864 flumen,
849 2809 906 2871 per
919 2788 1037 2865 Albin,
1054 2811 1112 2872 per
1125 2789 1293 2873 Visurgin.
1317 2789 1353 2853 in
1367 2790 1481 2854 Rheni
1496 2792 1618 2875 quidem

468 2892 539 2975 ripa
554 2890 790 2975 quinquaginta
804 2893 943 2975 amplius
964 2895 1096 2958 castella
1117 2895 1246 2959 diremt.
1276 2899 1430 2961 Bormam
1453 2909 1486 2962 et
1509 2901 1617 2963 Caeso·
1633 2905 1658 2957 11

469 2997 592 3061 riacum
617 2996 769 3080 pontibus
795 2998 904 3061 iunxit
925 3000 1143 3085 classibusque
1169 3002 1324 3066 firmauit.
1359 3001 1507 3068 inuisum
1530 3016 1617 3088 atque

468 3104 669 3169 inaccessum
683 3104 719 3166 in
733 3104 768 3167 id
783 3117 910 3189 tempus
925 3107 1129 3191 Hercynium
1151 3108 1271 3171 saltum
1292 3110 1455 3193 patefecit.
1480 3134 1521 3175 ea
1536 3111 1617 3175 deni-

467 3233 529 3294 que
544 3211 578 3272 in
594 3211 770 3275 Germania
783 3233 848 3294 pax
863 3224 942 3288 erat,
960 3225 997 3277 ut
1008 3214 1125 3278 mutati
1136 3214 1295 3292 homines,
1312 3216 1618 3294 absterrendum

466 3316 574 3400 ipsum
589 3315 700 3379 mitius
716 3316 908 3400 molliusque
924 3318 1019 3382 solito
1034 3319 1207 3383 uideretur.
1233 3322 1372 3405 denique
1386 3346 1455 3387 non
1470 3347 1529 3409 per
1543 3327 1613 3392 adu·

466 3423 622 3487 lationem
630 3470 640 3499 ,
665 3424 722 3487 sed
742 3445 782 3485 ex
796 3422 939 3499 meritis,
967 3426 1120 3489 defuncto
1134 3428 1181 3491 ibi
1195 3428 1367 3492 fortissimo
1383 3430 1525 3510 iuuene,
1548 3430 1613 3519 ipsi,
1631 3437 1658 3490 25

466 3532 552 3613 quod
565 3527 744 3613 numquam
759 3529 850 3605 alias,
867 3541 998 3594 senatus
1013 3554 1192 3615 cognomen
1207 3557 1247 3598 ex
1261 3536 1430 3618 prouincia
1445 3540 1547 3605 dedit.

551 3636 614 3700 Sed
629 3636 792 3700 difficilius
808 3646 856 3699 est
876 3637 1059 3719 prouincias
1074 3639 1218 3706 obtinere
1239 3664 1338 3725 quam
1352 3644 1473 3721 facere3
1500 3647 1616 3711 uiribus

464 3753 636 3824 parantur,
664 3742 733 3806 iure
758 3742 950 3806 retinentur.
990 3744 1089 3828 igitur
1113 3748 1211 3810 breue
1236 3747 1271 3812 id
1296 3750 1464 3832 gaudium.
1505 3754 1614 3838 quippe

467 3930 477 3978 1
493 3940 608 3979 centvm
616 3915 815 3982 'eennnnmvn
828 3947 870 3981 om
881 3930 926 4001 ΝΗ
940 3933 955 3983 2
968 3931 1090 3985 uinceret
1100 3944 1126 3985 N
1136 3933 1145 4003 ΗΗ
1160 3936 1174 3986 3
1187 3941 1229 3987 set
1241 3933 1265 3999 b,
1285 3941 1314 3988 et
1329 3948 1349 3989 Β
1361 3936 1371 4007 ΗΗ
1384 3941 1400 3989 1
1412 3941 1524 4009 patroni
1535 3954 1555 3997 Β
1566 3940 1574 4011 Η
1586 3939 1612 3993 Ο.

463 4030 505 4065 om
517 4023 543 4065 N
552 4011 561 4081 ΗΗ
574 4020 684 4083 pontem
695 4013 780 4070 rheno
792 4026 817 4069 N
828 4014 837 4086 ΗΗ
850 4020 864 4067 5
886 4017 1024 4088 concupiit
1038 4017 1083 4089 ΝΗ
1097 4021 1113 4071 6
1132 4035 1190 4070 cam
1207 4018 1276 4073 uitia
1292 4034 1312 4073 Β
1325 4021 1334 4093 Η
1347 4040 1430 4093 quam
1448 4024 1563 4096 imperia
1578 4043 1614 4078 em

461 4111 480 4152 Β
494 4098 503 4170 ΗΗ
517 4102 531 4151 8
544 4098 684 4170 isipetesa
697 4098 706 4169 ΗΗ
719 4101 735 4151 9
748 4116 872 4156 cenceros
885 4110 916 4167 Β,
937 4106 1094 4176 ceterole
1107 4106 1275 4176 percucurrit
1285 4107 1330 4177 ΝΗ
1341 4113 1431 4163 tactos
1442 4121 1468 4163 N
1479 4118 1489 4183 Η
1502 4111 1615 4165 marcho·

461 4201 622 4241 mannorum
633 4194 660 4239 N
669 4183 678 4253 Η
694 4187 724 4237 lo
738 4191 765 4238 ot
776 4203 818 4239 om
830 4198 855 4240 N
865 4188 873 4257 ΗΗ
890 4190 918 4240 11
940 4188 1103 4244 cherusehos
1120 4190 1162 4262 ΒΗ
1181 4192 1339 4262 sygambros
1357 4205 1382 4246 N
1392 4193 1401 4265 ΗΗ
1417 4198 1448 4248 12
1467 4195 1615 4250 incrematis

460 4283 486 4325 N
496 4271 505 4339 ΗΗ
522 4273 550 4323 13
564 4270 651 4324 baetis
662 4282 682 4325 Β
695 4268 705 4341 Η
718 4276 806 4323 certae
819 4283 836 4324 Β
849 4272 857 4342 ΗΗ
874 4276 904 4325 14
917 4273 1033 4327 uictoria
1042 4275 1065 4340 ὂ,
1081 4275 1210 4331 uictoriae
1221 4290 1241 4331 Β
1254 4278 1262 4347 ΗΗ
1275 4279 1402 4350 praedam
1414 4280 1444 4333 in
1456 4281 1613 4336 anticessum

460 4357 585 4427 pactione
596 4355 641 4427 Nl
654 4356 806 4428 pactionem
819 4357 972 4413 diuiserunt
987 4361 1028 4430 ΒΗ
1044 4365 1075 4415 15
1095 4362 1231 4434 sygambri
1247 4364 1292 4435 ΝΗ
1307 4369 1337 4418 17
1354 4366 1456 4435 praeda
1473 4380 1502 4420 N
1511 4367 1520 4439 ΗΗ
1534 4376 1561 4421 et
1576 4386 1613 4419 om

458 4453 482 4494 N
494 4442 503 4513 ΗΗ
519 4445 549 4494 18
562 4442 686 4498 tutellam
697 4451 717 4493 Β
729 4439 738 4515 ΗΗ
754 4443 787 4514 194
797 4460 935 4515 pcmusam
946 4458 971 4502 N
982 4446 991 4519 ΗΗ
1004 4447 1136 4504 albiumN
1146 4447 1155 4519 ΗΗ
1168 4448 1335 4519 uisurginam
1347 4463 1373 4504 N
1383 4451 1392 4523 Η
1406 4455 1439 4505 20
1445 4453 1565 4508 bonnam
1574 4454 1612 4522 ΒΗ

461 4527 662 4597 gesogiamcum
673 4537 699 4582 N
709 4526 718 4598 ΗΗ
732 4529 762 4582 21
778 4526 869 4585 uinxit
880 4529 1046 4602 Bdekicqe'rcs
1058 4534 1094 4586 ad
1104 4534 1174 4587 notet
1184 4534 1247 4604 dioc
1256 4554 1299 4589 occ
1305 4539 1384 4609 p973
1399 4538 1408 4610 Η
1423 4542 1455 4591 22
1467 4539 1612 4594 inacessum

460 4622 487 4673 Β,
503 4629 639 4665 aceessum
650 4623 676 4664 N
686 4612 695 4683 ΗΗ
708 4616 740 4665 25
755 4613 803 4666 sed
820 4631 861 4666 om
878 4627 901 4666 N
919 4614 928 4685 ΗΗ
946 4616 1004 4685 ipse
1022 4618 1177 4673 Perizonius
1190 4620 1199 4692 ΗΗ
1213 4624 1246 4673 211
1259 4621 1324 4676 alias
1336 4654 1371 4663 —-
1382 4622 1476 4679 Druso
1489 4644 1530 4679 em
1542 4639 1574 4690 Β,
1589 4624 1613 4677 io

460 4713 510 4763 que
517 4701 581 4765 poet
591 4714 737 4767 numquam
750 4716 819 4752 reeca
825 4701 928 4770 popina
941 4701 1034 4772 incepit
1046 4704 1055 4775 ΗΗ
1068 4707 1100 4757 27
1114 4705 1236 4775 optinere
1247 4719 1272 4760 N
1282 4706 1292 4775 ΗΗ
