<?xml version="1.0" encoding="UTF-8"?>
<!DOCTYPE html PUBLIC "-//W3C//DTD XHTML 1.0 Transitional//EN"
    "http://www.w3.org/TR/xhtml1/DTD/xhtml1-transitional.dtd">
<html xmlns="http://www.w3.org/1999/xhtml" xml:lang="en" lang="en">
 <head>
  <title>
</title>
<meta http-equiv="Content-Type" content="text/html;charset=utf-8" />
  <meta name='ocr-system' content='tesseract 3.04.00' />
  <meta name='ocr-capabilities' content='ocr_page ocr_carea ocr_par ocr_line ocrx_word'/>
</head>
<body>
  <div class='ocr_page' id='page_1' title='image "./iulifloriepitom00florgoog_0099.png"; bbox 0 0 3809 5534; ppageno 0'>
   <div class='ocr_carea' id='block_1_1' title="bbox 631 591 1459 677">
    <p class='ocr_par' dir='ltr' id='par_1_1' title="bbox 631 591 1459 677">
     <span class='ocr_line' id='line_1_1' title="bbox 631 591 1459 677; baseline 0.004 -24"><span class='ocrx_word' id='word_1_1' title='bbox 631 602 884 667; x_wconf 66' lang='lat' dir='ltr'><strong>ammiranti.</strong></span> <span class='ocrx_word' id='word_1_2' title='bbox 903 601 935 653; x_wconf 77' lang='lat'><strong>2³</strong></span> <span class='ocrx_word' id='word_1_3' title='bbox 955 591 1007 677; x_wconf 91' lang='lat'><strong>[11,</strong></span> <span class='ocrx_word' id='word_1_4' title='bbox 1025 603 1052 655; x_wconf 80' lang='lat' dir='ltr'><strong>t.</strong></span> <span class='ocrx_word' id='word_1_5' title='bbox 1068 592 1111 677; x_wconf 77' lang='lat' dir='ltr'><strong>t].¹</strong></span> <span class='ocrx_word' id='word_1_6' title='bbox 1421 597 1459 656; x_wconf 80' lang='lat'><strong>41</strong></span> 
     </span>
    </p>
   </div>
   <div class='ocr_carea' id='block_1_2' title="bbox 248 761 1493 3597">
    <p class='ocr_par' dir='ltr' id='par_1_2' title="bbox 257 761 1460 1161">
     <span class='ocr_line' id='line_1_2' title="bbox 257 761 1460 846; baseline 0.001 -23"><span class='ocrx_word' id='word_1_7' title='bbox 257 762 282 823; x_wconf 92' lang='grc' dir='ltr'><em>Ι</em></span> <span class='ocrx_word' id='word_1_8' title='bbox 299 770 518 825; x_wconf 88' lang='lat' dir='ltr'><strong>conuerterat.</strong></span> <span class='ocrx_word' id='word_1_9' title='bbox 544 771 654 838; x_wconf 90' lang='lat' dir='ltr'><strong>tanto,</strong></span> <span class='ocrx_word' id='word_1_10' title='bbox 678 761 712 826; x_wconf 93' lang='lat' dir='ltr'><strong>id</strong></span> <span class='ocrx_word' id='word_1_11' title='bbox 732 771 781 825; x_wconf 88' lang='lat' dir='ltr'><strong>est</strong></span> <span class='ocrx_word' id='word_1_12' title='bbox 802 761 891 825; x_wconf 88' lang='lat' dir='ltr'><strong>omni</strong></span> <span class='ocrx_word' id='word_1_13' title='bbox 912 783 976 845; x_wconf 88' lang='lat' dir='ltr'><strong>qua</strong></span> <span class='ocrx_word' id='word_1_14' title='bbox 997 762 1185 846; x_wconf 80' lang='lat' dir='ltr'><strong>longissima</strong></span> <span class='ocrx_word' id='word_1_15' title='bbox 1206 762 1303 826; x_wconf 87' lang='lat' dir='ltr'><strong>Italia</strong></span> <span class='ocrx_word' id='word_1_16' title='bbox 1323 762 1390 827; x_wconf 93' lang='lat' dir='ltr'><strong>solo</strong></span> <span class='ocrx_word' id='word_1_17' title='bbox 1411 762 1460 824; x_wconf 92' lang='lat' dir='ltr'><strong>in-</strong></span> 
     </span>
     <span class='ocr_line' id='line_1_3' title="bbox 296 866 1458 951; baseline 0.002 -21"><span class='ocrx_word' id='word_1_18' title='bbox 296 866 495 943; x_wconf 82' lang='lat' dir='ltr'><strong>teriacente,</strong></span> <span class='ocrx_word' id='word_1_19' title='bbox 534 889 598 951; x_wconf 90' lang='lat' dir='ltr'><strong>quo</strong></span> <span class='ocrx_word' id='word_1_20' title='bbox 626 867 778 944; x_wconf 87' lang='lat' dir='ltr'><strong>consilio,</strong></span> <span class='ocrx_word' id='word_1_21' title='bbox 813 890 878 950; x_wconf 89' lang='lat' dir='ltr'><strong>qua</strong></span> <span class='ocrx_word' id='word_1_22' title='bbox 897 867 1061 932; x_wconf 82' lang='lat' dir='ltr'><strong>eeleritate</strong></span> <span class='ocrx_word' id='word_1_23' title='bbox 1083 869 1230 933; x_wconf 87' lang='lat' dir='ltr'><strong>consules</strong></span> <span class='ocrx_word' id='word_1_24' title='bbox 1256 879 1360 933; x_wconf 88' lang='lat' dir='ltr'><strong>castra</strong></span> <span class='ocrx_word' id='word_1_25' title='bbox 1384 890 1458 933; x_wconf 91' lang='lat' dir='ltr'><strong>con·</strong></span> 
     </span>
     <span class='ocr_line' id='line_1_4' title="bbox 298 971 1457 1058; baseline 0.002 -23"><span class='ocrx_word' id='word_1_26' title='bbox 298 971 508 1049; x_wconf 87' lang='lat' dir='ltr'><strong>iuncxerint,</strong></span> <span class='ocrx_word' id='word_1_27' title='bbox 532 973 801 1058; x_wconf 77' lang='lat' dir='ltr'><strong>inopinatumque</strong></span> <span class='ocrx_word' id='word_1_28' title='bbox 822 973 948 1037; x_wconf 88' lang='lat' dir='ltr'><strong>hostem</strong></span> <span class='ocrx_word' id='word_1_29' title='bbox 963 974 1099 1038; x_wconf 89' lang='lat' dir='ltr'><strong>conlatis</strong></span> <span class='ocrx_word' id='word_1_30' title='bbox 1114 974 1215 1058; x_wconf 80' lang='lat' dir='ltr'><strong>signis</strong></span> <span class='ocrx_word' id='word_1_31' title='bbox 1231 974 1457 1058; x_wconf 79' lang='lat' dir='ltr'>oppresserint,</span> 
     </span>
     <span class='ocr_line' id='line_1_5' title="bbox 298 1078 1459 1161; baseline 0.002 -19"><span class='ocrx_word' id='word_1_32' title='bbox 298 1099 409 1161; x_wconf 91' lang='lat' dir='ltr'><strong>neque</strong></span> <span class='ocrx_word' id='word_1_33' title='bbox 424 1078 460 1143; x_wconf 90' lang='lat' dir='ltr'><strong>id</strong></span> <span class='ocrx_word' id='word_1_34' title='bbox 474 1079 546 1143; x_wconf 88' lang='lat' dir='ltr'><strong>fieri</strong></span> <span class='ocrx_word' id='word_1_35' title='bbox 560 1079 706 1143; x_wconf 76' lang='lat' dir='ltr'><strong>Annibal</strong></span> <span class='ocrx_word' id='word_1_36' title='bbox 721 1078 869 1156; x_wconf 77' lang='lat' dir='ltr'><strong>senserit,</strong></span> <span class='ocrx_word' id='word_1_37' title='bbox 886 1079 1015 1143; x_wconf 90' lang='lat' dir='ltr'><strong>difficile</strong></span> <span class='ocrx_word' id='word_1_38' title='bbox 1031 1080 1120 1143; x_wconf 89' lang='lat' dir='ltr'><strong>dictu</strong></span> <span class='ocrx_word' id='word_1_39' title='bbox 1135 1090 1194 1144; x_wconf 91' lang='lat' dir='ltr'><strong>est.</strong></span> <span class='ocrx_word' id='word_1_40' title='bbox 1217 1092 1302 1144; x_wconf 90' lang='lat' dir='ltr'><strong>certe</strong></span> <span class='ocrx_word' id='word_1_41' title='bbox 1316 1080 1459 1144; x_wconf 78' lang='lat' dir='ltr'><strong>Annibal</strong></span> 
     </span>
    </p>

    <p class='ocr_par' dir='ltr' id='par_1_3' title="bbox 267 1184 1459 1585">
     <span class='ocr_line' id='line_1_6' title="bbox 267 1184 1458 1270; baseline 0.002 -22"><span class='ocrx_word' id='word_1_42' title='bbox 267 1198 334 1248; x_wconf 77' lang='lat' dir='ltr'><strong>tre</strong></span> <span class='ocrx_word' id='word_1_43' title='bbox 351 1184 485 1268; x_wconf 79' lang='lat' dir='ltr'><strong>cognita</strong></span> <span class='ocrx_word' id='word_1_44' title='bbox 510 1207 585 1251; x_wconf 89' lang='lat' dir='ltr'><strong>cum</strong></span> <span class='ocrx_word' id='word_1_45' title='bbox 615 1185 795 1270; x_wconf 88' lang='lat' dir='ltr'><strong>proiectum</strong></span> <span class='ocrx_word' id='word_1_46' title='bbox 826 1185 934 1249; x_wconf 86' lang='lat' dir='ltr'><strong>fratris</strong></span> <span class='ocrx_word' id='word_1_47' title='bbox 949 1194 1047 1268; x_wconf 87' lang='lat' dir='ltr'><strong>caput</strong></span> <span class='ocrx_word' id='word_1_48' title='bbox 1063 1186 1103 1248; x_wconf 90' lang='lat' dir='ltr'><strong>ad</strong></span> <span class='ocrx_word' id='word_1_49' title='bbox 1118 1207 1177 1249; x_wconf 89' lang='lat' dir='ltr'><strong>sua</strong></span> <span class='ocrx_word' id='word_1_50' title='bbox 1192 1195 1297 1250; x_wconf 88' lang='lat' dir='ltr'><strong>castra</strong></span> <span class='ocrx_word' id='word_1_51' title='bbox 1310 1185 1458 1262; x_wconf 88' lang='lat' dir='ltr'><strong>uidisset,</strong></span> 
     </span>
     <span class='ocr_line' id='line_1_7' title="bbox 294 1283 1459 1375; baseline 0.001 -20"><span class='ocrx_word' id='word_1_52' title='bbox 294 1284 461 1374; x_wconf 79' lang='lat' dir='ltr'><strong>‘agnosco&#39;</strong></span> <span class='ocrx_word' id='word_1_53' title='bbox 477 1289 585 1375; x_wconf 89' lang='lat' dir='ltr'><strong>inquit</strong></span> <span class='ocrx_word' id='word_1_54' title='bbox 595 1284 833 1355; x_wconf 82' lang='lat' dir='ltr'><strong>‘infelicitatem</strong></span> <span class='ocrx_word' id='word_1_55' title='bbox 848 1283 1079 1373; x_wconf 68' lang='lat' dir='ltr'><strong>Carthaginis.³</strong></span> <span class='ocrx_word' id='word_1_56' title='bbox 1102 1291 1182 1354; x_wconf 88' lang='lat' dir='ltr'><strong>haec</strong></span> <span class='ocrx_word' id='word_1_57' title='bbox 1202 1291 1265 1355; x_wconf 86' lang='lat' dir='ltr'><strong>fuit</strong></span> <span class='ocrx_word' id='word_1_58' title='bbox 1284 1290 1373 1355; x_wconf 89' lang='lat' dir='ltr'><strong>illius</strong></span> <span class='ocrx_word' id='word_1_59' title='bbox 1396 1290 1459 1356; x_wconf 92' lang='lat' dir='ltr'><strong>uiri</strong></span> 
     </span>
     <span class='ocr_line' id='line_1_8' title="bbox 298 1395 1458 1481; baseline 0.002 -23"><span class='ocrx_word' id='word_1_60' title='bbox 298 1417 366 1459; x_wconf 92' lang='lat' dir='ltr'><strong>non</strong></span> <span class='ocrx_word' id='word_1_61' title='bbox 382 1395 454 1460; x_wconf 87' lang='lat' dir='ltr'><strong>sine</strong></span> <span class='ocrx_word' id='word_1_62' title='bbox 469 1396 636 1481; x_wconf 82' lang='lat' dir='ltr'><strong>praesagio</strong></span> <span class='ocrx_word' id='word_1_63' title='bbox 651 1398 790 1480; x_wconf 91' lang='lat' dir='ltr'><strong>quodam</strong></span> <span class='ocrx_word' id='word_1_64' title='bbox 804 1395 863 1460; x_wconf 83' lang='lat' dir='ltr'><strong>fati</strong></span> <span class='ocrx_word' id='word_1_65' title='bbox 878 1395 1067 1459; x_wconf 88' lang='lat' dir='ltr'><strong>inminentis</strong></span> <span class='ocrx_word' id='word_1_66' title='bbox 1082 1395 1187 1480; x_wconf 92' lang='lat' dir='ltr'><strong>prima</strong></span> <span class='ocrx_word' id='word_1_67' title='bbox 1201 1397 1375 1473; x_wconf 81' lang='lat' dir='ltr'><strong>confessi03</strong></span> <span class='ocrx_word' id='word_1_68' title='bbox 1393 1396 1458 1460; x_wconf 90' lang='lat' dir='ltr'><strong>iam</strong></span> 
     </span>
     <span class='ocr_line' id='line_1_9' title="bbox 296 1501 1413 1585; baseline 0 -20"><span class='ocrx_word' id='word_1_69' title='bbox 296 1511 425 1565; x_wconf 88' lang='lat' dir='ltr'><strong>certum</strong></span> <span class='ocrx_word' id='word_1_70' title='bbox 445 1513 516 1567; x_wconf 87' lang='lat' dir='ltr'><strong>erat</strong></span> <span class='ocrx_word' id='word_1_71' title='bbox 529 1502 726 1566; x_wconf 77' lang='lat' dir='ltr'><strong>Annibalem</strong></span> <span class='ocrx_word' id='word_1_72' title='bbox 739 1501 838 1566; x_wconf 88' lang='lat' dir='ltr'><strong>etiam</strong></span> <span class='ocrx_word' id='word_1_73' title='bbox 858 1501 961 1585; x_wconf 88' lang='lat' dir='ltr'><strong>ipsius</strong></span> <span class='ocrx_word' id='word_1_74' title='bbox 977 1502 1176 1567; x_wconf 82' lang='lat' dir='ltr'><strong>confessione</strong></span> <span class='ocrx_word' id='word_1_75' title='bbox 1198 1523 1291 1585; x_wconf 85' lang='lat' dir='ltr'><strong>posse</strong></span> <span class='ocrx_word' id='word_1_76' title='bbox 1313 1502 1413 1566; x_wconf 87' lang='lat' dir='ltr'><strong>uinci.</strong></span> 
     </span>
    </p>

    <p class='ocr_par' dir='ltr' id='par_1_4' title="bbox 248 1607 1493 3597">
     <span class='ocr_line' id='line_1_10' title="bbox 386 1607 1458 1692; baseline -0.001 -20"><span class='ocrx_word' id='word_1_77' title='bbox 386 1609 452 1672; x_wconf 87' lang='lat' dir='ltr'><strong>Sed</strong></span> <span class='ocrx_word' id='word_1_78' title='bbox 464 1619 513 1672; x_wconf 90' lang='lat' dir='ltr'><strong>tot</strong></span> <span class='ocrx_word' id='word_1_79' title='bbox 524 1629 632 1673; x_wconf 90' lang='lat' dir='ltr'><strong>rerum</strong></span> <span class='ocrx_word' id='word_1_80' title='bbox 643 1629 866 1692; x_wconf 88' lang='lat' dir='ltr'><strong>prosperarum</strong></span> <span class='ocrx_word' id='word_1_81' title='bbox 880 1607 1000 1670; x_wconf 86' lang='lat' dir='ltr'><strong>fiducia</strong></span> <span class='ocrx_word' id='word_1_82' title='bbox 1009 1608 1125 1691; x_wconf 87' lang='lat' dir='ltr'><strong>plenus</strong></span> <span class='ocrx_word' id='word_1_83' title='bbox 1140 1608 1279 1691; x_wconf 88' lang='lat' dir='ltr'><strong>populus</strong></span> <span class='ocrx_word' id='word_1_84' title='bbox 1290 1610 1458 1672; x_wconf 85' lang='lat' dir='ltr'><strong>Romanus</strong></span> 
     </span>
     <span class='ocr_line' id='line_1_11' title="bbox 250 1713 1454 1797; baseline 0.001 -21"><span class='ocrx_word' id='word_1_85' title='bbox 250 1725 275 1776; x_wconf 81' lang='lat' dir='ltr'><strong>lt</strong></span> <span class='ocrx_word' id='word_1_86' title='bbox 295 1714 410 1797; x_wconf 80' lang='lat' dir='ltr'><strong>magni</strong></span> <span class='ocrx_word' id='word_1_87' title='bbox 426 1714 634 1790; x_wconf 85' lang='lat' dir='ltr'><strong>aestimabat,</strong></span> <span class='ocrx_word' id='word_1_88' title='bbox 663 1713 874 1796; x_wconf 89' lang='lat' dir='ltr'><strong>asperrimum</strong></span> <span class='ocrx_word' id='word_1_89' title='bbox 894 1714 1021 1778; x_wconf 89' lang='lat' dir='ltr'><strong>hostem</strong></span> <span class='ocrx_word' id='word_1_90' title='bbox 1036 1713 1071 1777; x_wconf 92' lang='lat' dir='ltr'><strong>in</strong></span> <span class='ocrx_word' id='word_1_91' title='bbox 1087 1736 1145 1778; x_wconf 88' lang='lat' dir='ltr'><strong>sua</strong></span> <span class='ocrx_word' id='word_1_92' title='bbox 1159 1713 1269 1778; x_wconf 84' lang='lat' dir='ltr'><strong>Africa</strong></span> <span class='ocrx_word' id='word_1_93' title='bbox 1283 1714 1454 1778; x_wconf 89' lang='lat' dir='ltr'><strong>debellare.</strong></span> 
     </span>
     <span class='ocr_line' id='line_1_12' title="bbox 295 1818 1457 1903; baseline 0.002 -21"><span class='ocrx_word' id='word_1_94' title='bbox 295 1820 379 1882; x_wconf 89' lang='lat' dir='ltr'><strong>duce</strong></span> <span class='ocrx_word' id='word_1_95' title='bbox 405 1818 508 1903; x_wconf 83' lang='lat' dir='ltr'><strong>igitur</strong></span> <span class='ocrx_word' id='word_1_96' title='bbox 535 1818 685 1903; x_wconf 86' lang='lat' dir='ltr'><strong>Scipione</strong></span> <span class='ocrx_word' id='word_1_97' title='bbox 711 1819 746 1881; x_wconf 93' lang='lat' dir='ltr'><strong>in</strong></span> <span class='ocrx_word' id='word_1_98' title='bbox 772 1819 877 1902; x_wconf 84' lang='lat' dir='ltr'><strong>ipsam</strong></span> <span class='ocrx_word' id='word_1_99' title='bbox 902 1819 1046 1882; x_wconf 86' lang='lat' dir='ltr'><strong>Africam</strong></span> <span class='ocrx_word' id='word_1_100' title='bbox 1077 1830 1145 1884; x_wconf 82' lang='lat' dir='ltr'><strong>tota</strong></span> <span class='ocrx_word' id='word_1_101' title='bbox 1169 1821 1254 1884; x_wconf 87' lang='lat' dir='ltr'><strong>mole</strong></span> <span class='ocrx_word' id='word_1_102' title='bbox 1283 1841 1457 1884; x_wconf 86' lang='lat' dir='ltr'><strong>conuersus</strong></span> 
     </span>
     <span class='ocr_line' id='line_1_13' title="bbox 294 1924 1457 2009; baseline -0.001 -21"><span class='ocrx_word' id='word_1_103' title='bbox 294 1924 420 1989; x_wconf 89' lang='lat' dir='ltr'><strong>imitari</strong></span> <span class='ocrx_word' id='word_1_104' title='bbox 435 1924 540 2009; x_wconf 88' lang='lat' dir='ltr'><strong>coepit</strong></span> <span class='ocrx_word' id='word_1_105' title='bbox 554 1925 750 1989; x_wconf 88' lang='lat' dir='ltr'><strong>Annibalem</strong></span> <span class='ocrx_word' id='word_1_106' title='bbox 765 1935 798 1988; x_wconf 89' lang='lat' dir='ltr'><strong>et</strong></span> <span class='ocrx_word' id='word_1_107' title='bbox 813 1925 928 1989; x_wconf 88' lang='lat' dir='ltr'><strong>Italiae</strong></span> <span class='ocrx_word' id='word_1_108' title='bbox 943 1947 1020 1990; x_wconf 90' lang='lat' dir='ltr'><strong>suae</strong></span> <span class='ocrx_word' id='word_1_109' title='bbox 1043 1927 1150 1991; x_wconf 82' lang='lat' dir='ltr'><strong>clades</strong></span> <span class='ocrx_word' id='word_1_110' title='bbox 1170 1926 1205 1989; x_wconf 93' lang='lat' dir='ltr'><strong>in</strong></span> <span class='ocrx_word' id='word_1_111' title='bbox 1219 1925 1329 1989; x_wconf 83' lang='lat' dir='ltr'><strong>Africa</strong></span> <span class='ocrx_word' id='word_1_112' title='bbox 1351 1924 1457 1988; x_wconf 92' lang='lat' dir='ltr'><strong>uindi-</strong></span> 
     </span>
     <span class='ocr_line' id='line_1_14' title="bbox 294 2030 1457 2115; baseline -0.002 -20"><span class='ocrx_word' id='word_1_113' title='bbox 294 2052 382 2095; x_wconf 88' lang='lat' dir='ltr'><strong>care.</strong></span> <span class='ocrx_word' id='word_1_114' title='bbox 407 2052 488 2114; x_wconf 87' lang='lat' dir='ltr'><strong>quas</strong></span> <span class='ocrx_word' id='word_1_115' title='bbox 502 2030 571 2107; x_wconf 89' lang='lat' dir='ltr'><strong>ille,</strong></span> <span class='ocrx_word' id='word_1_116' title='bbox 588 2030 635 2094; x_wconf 93' lang='lat' dir='ltr'><strong>dii</strong></span> <span class='ocrx_word' id='word_1_117' title='bbox 649 2030 738 2106; x_wconf 91' lang='lat' dir='ltr'><strong>boni,</strong></span> <span class='ocrx_word' id='word_1_118' title='bbox 756 2030 973 2094; x_wconf 82' lang='lat' dir='ltr'><strong>Hasdrubalis</strong></span> <span class='ocrx_word' id='word_1_119' title='bbox 988 2031 1096 2113; x_wconf 79' lang='lat' dir='ltr'><strong>copias</strong></span> <span class='ocrx_word' id='word_1_120' title='bbox 1111 2032 1214 2107; x_wconf 81' lang='lat' dir='ltr'><strong>fudit,</strong></span> <span class='ocrx_word' id='word_1_121' title='bbox 1238 2052 1317 2114; x_wconf 90' lang='lat' dir='ltr'><strong>quos</strong></span> <span class='ocrx_word' id='word_1_122' title='bbox 1333 2031 1457 2115; x_wconf 82' lang='lat' dir='ltr'><strong>Sypha-</strong></span> 
     </span>
     <span class='ocr_line' id='line_1_15' title="bbox 295 2136 1458 2220; baseline -0.002 -19"><span class='ocrx_word' id='word_1_123' title='bbox 295 2137 345 2202; x_wconf 85' lang='lat' dir='ltr'><strong>cis</strong></span> <span class='ocrx_word' id='word_1_124' title='bbox 358 2136 530 2203; x_wconf 87' lang='lat' dir='ltr'><strong>Numidici</strong></span> <span class='ocrx_word' id='word_1_125' title='bbox 550 2136 635 2220; x_wconf 80' lang='lat' dir='ltr'><strong>regis</strong></span> <span class='ocrx_word' id='word_1_126' title='bbox 655 2136 836 2220; x_wconf 80' lang='lat' dir='ltr'><strong>equitatus!</strong></span> <span class='ocrx_word' id='word_1_127' title='bbox 862 2158 944 2219; x_wconf 87' lang='lat' dir='ltr'><strong>quae</strong></span> <span class='ocrx_word' id='word_1_128' title='bbox 960 2148 1144 2220; x_wconf 78' lang='lat' dir='ltr'><strong>quantaque</strong></span> <span class='ocrx_word' id='word_1_129' title='bbox 1165 2137 1338 2220; x_wconf 86' lang='lat' dir='ltr'><strong>utriusque¹</strong></span> <span class='ocrx_word' id='word_1_130' title='bbox 1353 2146 1458 2201; x_wconf 88' lang='lat' dir='ltr'><strong>castra</strong></span> 
     </span>
     <span class='ocr_line' id='line_1_16' title="bbox 249 2241 1457 2325; baseline -0.001 -19"><span class='ocrx_word' id='word_1_131' title='bbox 249 2257 274 2307; x_wconf 75' lang='lat' dir='ltr'><strong>rt</strong></span> <span class='ocrx_word' id='word_1_132' title='bbox 295 2243 423 2308; x_wconf 78' lang='lat' dir='ltr'><strong>facibus</strong></span> <span class='ocrx_word' id='word_1_133' title='bbox 438 2242 549 2307; x_wconf 88' lang='lat' dir='ltr'><strong>inlatis</strong></span> <span class='ocrx_word' id='word_1_134' title='bbox 565 2264 631 2306; x_wconf 88' lang='lat' dir='ltr'><strong>una</strong></span> <span class='ocrx_word' id='word_1_135' title='bbox 645 2252 740 2305; x_wconf 88' lang='lat' dir='ltr'><strong>nocte</strong></span> <span class='ocrx_word' id='word_1_136' title='bbox 754 2241 893 2306; x_wconf 80' lang='lat' dir='ltr'><strong>deleuit!</strong></span> <span class='ocrx_word' id='word_1_137' title='bbox 919 2242 1058 2325; x_wconf 88' lang='lat' dir='ltr'><strong>denique</strong></span> <span class='ocrx_word' id='word_1_138' title='bbox 1078 2242 1144 2306; x_wconf 91' lang='lat' dir='ltr'><strong>iam</strong></span> <span class='ocrx_word' id='word_1_139' title='bbox 1165 2264 1231 2305; x_wconf 89' lang='lat' dir='ltr'><strong>non</strong></span> <span class='ocrx_word' id='word_1_140' title='bbox 1253 2265 1273 2306; x_wconf 89' lang='lat' dir='ltr'><strong>a</strong></span> <span class='ocrx_word' id='word_1_141' title='bbox 1295 2242 1390 2307; x_wconf 88' lang='lat' dir='ltr'><strong>tertio</strong></span> <span class='ocrx_word' id='word_1_142' title='bbox 1410 2244 1457 2305; x_wconf 89' lang='lat' dir='ltr'><strong>la·</strong></span> 
     </span>
     <span class='ocr_line' id='line_1_17' title="bbox 294 2346 1457 2435; baseline -0.002 -22"><span class='ocrx_word' id='word_1_143' title='bbox 294 2350 383 2435; x_wconf 85' lang='lat' dir='ltr'><strong>pide,</strong></span> <span class='ocrx_word' id='word_1_144' title='bbox 402 2351 460 2414; x_wconf 87' lang='lat' dir='ltr'><strong>sed</strong></span> <span class='ocrx_word' id='word_1_145' title='bbox 474 2348 562 2432; x_wconf 89' lang='lat' dir='ltr'><strong>ipsas</strong></span> <span class='ocrx_word' id='word_1_146' title='bbox 577 2346 785 2431; x_wconf 79' lang='lat' dir='ltr'><strong>Carthaginis</strong></span> <span class='ocrx_word' id='word_1_147' title='bbox 805 2359 914 2431; x_wconf 89' lang='lat' dir='ltr'><strong>portas</strong></span> <span class='ocrx_word' id='word_1_148' title='bbox 935 2347 1102 2412; x_wconf 89' lang='lat' dir='ltr'><strong>obsidione</strong></span> <span class='ocrx_word' id='word_1_149' title='bbox 1124 2348 1300 2431; x_wconf 87' lang='lat' dir='ltr'><strong>quatiebat.</strong></span> <span class='ocrx_word' id='word_1_150' title='bbox 1325 2347 1371 2411; x_wconf 92' lang='lat' dir='ltr'><strong>sie</strong></span> <span class='ocrx_word' id='word_1_151' title='bbox 1392 2348 1457 2411; x_wconf 87' lang='lat' dir='ltr'><strong>fac·</strong></span> 
     </span>
     <span class='ocr_line' id='line_1_18' title="bbox 296 2453 1456 2538; baseline -0.003 -18"><span class='ocrx_word' id='word_1_152' title='bbox 296 2467 379 2520; x_wconf 91' lang='lat' dir='ltr'><strong>tum.</strong></span> <span class='ocrx_word' id='word_1_153' title='bbox 394 2466 432 2520; x_wconf 91' lang='lat' dir='ltr'><strong>ut</strong></span> <span class='ocrx_word' id='word_1_154' title='bbox 453 2454 676 2519; x_wconf 86' lang='lat' dir='ltr'><strong>inhaerentem</strong></span> <span class='ocrx_word' id='word_1_155' title='bbox 691 2465 788 2537; x_wconf 87' lang='lat' dir='ltr'><strong>atque</strong></span> <span class='ocrx_word' id='word_1_156' title='bbox 802 2453 1011 2518; x_wconf 87' lang='lat' dir='ltr'><strong>incubantem</strong></span> <span class='ocrx_word' id='word_1_157' title='bbox 1027 2454 1143 2519; x_wconf 86' lang='lat' dir='ltr'><strong>Italiae</strong></span> <span class='ocrx_word' id='word_1_158' title='bbox 1163 2464 1367 2538; x_wconf 86' lang='lat' dir='ltr'><strong>extorqueret</strong></span> <span class='ocrx_word' id='word_1_159' title='bbox 1388 2456 1456 2517; x_wconf 87' lang='lat' dir='ltr'><strong>An·</strong></span> 
     </span>
     <span class='ocr_line' id='line_1_19' title="bbox 293 2559 1454 2643; baseline -0.004 -16"><span class='ocrx_word' id='word_1_160' title='bbox 293 2562 451 2627; x_wconf 90' lang='lat' dir='ltr'><strong>nibalem.</strong></span> <span class='ocrx_word' id='word_1_161' title='bbox 476 2582 543 2624; x_wconf 94' lang='lat' dir='ltr'><strong>non</strong></span> <span class='ocrx_word' id='word_1_162' title='bbox 562 2559 625 2624; x_wconf 80' lang='lat' dir='ltr'><strong>fuit</strong></span> <span class='ocrx_word' id='word_1_163' title='bbox 645 2560 748 2624; x_wconf 88' lang='lat' dir='ltr'><strong>maior</strong></span> <span class='ocrx_word' id='word_1_164' title='bbox 768 2561 829 2624; x_wconf 90' lang='lat' dir='ltr'><strong>sub</strong></span> <span class='ocrx_word' id='word_1_165' title='bbox 849 2559 985 2643; x_wconf 90' lang='lat' dir='ltr'><strong>imperio</strong></span> <span class='ocrx_word' id='word_1_166' title='bbox 1007 2562 1155 2624; x_wconf 88' lang='lat' dir='ltr'><strong>Romano</strong></span> <span class='ocrx_word' id='word_1_167' title='bbox 1178 2560 1246 2623; x_wconf 85' lang='lat' dir='ltr'><strong>dies</strong></span> <span class='ocrx_word' id='word_1_168' title='bbox 1268 2582 1366 2643; x_wconf 91' lang='lat' dir='ltr'><strong>quam</strong></span> <span class='ocrx_word' id='word_1_169' title='bbox 1386 2560 1454 2636; x_wconf 92' lang='lat' dir='ltr'><strong>ille,</strong></span> 
     </span>
     <span class='ocr_line' id='line_1_20' title="bbox 296 2664 1455 2750; baseline -0.003 -18"><span class='ocrx_word' id='word_1_170' title='bbox 296 2690 372 2732; x_wconf 91' lang='lat' dir='ltr'><strong>cum</strong></span> <span class='ocrx_word' id='word_1_171' title='bbox 394 2669 461 2731; x_wconf 91' lang='lat' dir='ltr'><strong>duo</strong></span> <span class='ocrx_word' id='word_1_172' title='bbox 476 2665 622 2730; x_wconf 91' lang='lat' dir='ltr'><strong>omnium</strong></span> <span class='ocrx_word' id='word_1_173' title='bbox 637 2675 669 2728; x_wconf 92' lang='lat' dir='ltr'><strong>et</strong></span> <span class='ocrx_word' id='word_1_174' title='bbox 684 2677 780 2730; x_wconf 88' lang='lat' dir='ltr'><strong>antea</strong></span> <span class='ocrx_word' id='word_1_175' title='bbox 794 2679 827 2730; x_wconf 90' lang='lat' dir='ltr'><strong>et</strong></span> <span class='ocrx_word' id='word_1_176' title='bbox 841 2676 954 2750; x_wconf 88' lang='lat' dir='ltr'><strong>postea</strong></span> <span class='ocrx_word' id='word_1_177' title='bbox 967 2667 1087 2728; x_wconf 91' lang='lat' dir='ltr'><strong>ducum</strong></span> <span class='ocrx_word' id='word_1_178' title='bbox 1107 2664 1247 2729; x_wconf 84' lang='lat' dir='ltr'><strong>maxime</strong></span> <span class='ocrx_word' id='word_1_179' title='bbox 1262 2667 1377 2741; x_wconf 91' lang='lat' dir='ltr'><strong>duces,</strong></span> <span class='ocrx_word' id='word_1_180' title='bbox 1400 2664 1455 2729; x_wconf 90' lang='lat' dir='ltr'><strong>ille</strong></span> 
     </span>
     <span class='ocr_line' id='line_1_21' title="bbox 248 2770 1455 2855; baseline 0 -20"><span class='ocrx_word' id='word_1_181' title='bbox 248 2784 278 2836; x_wconf 78' lang='lat' dir='ltr'><strong>tt</strong></span> <span class='ocrx_word' id='word_1_182' title='bbox 297 2773 426 2851; x_wconf 83' lang='lat' dir='ltr'><strong>Italiae,</strong></span> <span class='ocrx_word' id='word_1_183' title='bbox 443 2771 497 2836; x_wconf 93' lang='lat' dir='ltr'><strong>hic</strong></span> <span class='ocrx_word' id='word_1_184' title='bbox 512 2771 694 2855; x_wconf 89' lang='lat' dir='ltr'><strong>Hispaniae</strong></span> <span class='ocrx_word' id='word_1_185' title='bbox 709 2772 830 2848; x_wconf 87' lang='lat' dir='ltr'><strong>uictor,</strong></span> <span class='ocrx_word' id='word_1_186' title='bbox 848 2771 974 2838; x_wconf 82' lang='lat' dir='ltr'><strong>collatis</strong></span> <span class='ocrx_word' id='word_1_187' title='bbox 988 2771 1168 2836; x_wconf 90' lang='lat' dir='ltr'><strong>comminus</strong></span> <span class='ocrx_word' id='word_1_188' title='bbox 1189 2770 1290 2855; x_wconf 80' lang='lat' dir='ltr'><strong>signis</strong></span> <span class='ocrx_word' id='word_1_189' title='bbox 1312 2770 1455 2835; x_wconf 86' lang='lat' dir='ltr'><strong>direxere</strong></span> 
     </span>
     <span class='ocr_line' id='line_1_22' title="bbox 298 2876 1457 2961; baseline -0.003 -18"><span class='ocrx_word' id='word_1_190' title='bbox 298 2880 412 2944; x_wconf 89' lang='lat' dir='ltr'><strong>aciem.</strong></span> <span class='ocrx_word' id='word_1_191' title='bbox 437 2880 495 2943; x_wconf 87' lang='lat' dir='ltr'><strong>sed</strong></span> <span class='ocrx_word' id='word_1_192' title='bbox 516 2887 549 2941; x_wconf 89' lang='lat' dir='ltr'><strong>et</strong></span> <span class='ocrx_word' id='word_1_193' title='bbox 570 2877 777 2960; x_wconf 90' lang='lat' dir='ltr'><strong>conloquium</strong></span> <span class='ocrx_word' id='word_1_194' title='bbox 797 2876 860 2941; x_wconf 86' lang='lat' dir='ltr'><strong>fuit</strong></span> <span class='ocrx_word' id='word_1_195' title='bbox 883 2877 969 2942; x_wconf 86' lang='lat' dir='ltr'><strong>inter</strong></span> <span class='ocrx_word' id='word_1_196' title='bbox 990 2878 1076 2961; x_wconf 87' lang='lat' dir='ltr'><strong>ipsos</strong></span> <span class='ocrx_word' id='word_1_197' title='bbox 1099 2879 1138 2941; x_wconf 90' lang='lat' dir='ltr'><strong>de</strong></span> <span class='ocrx_word' id='word_1_198' title='bbox 1159 2877 1285 2961; x_wconf 84' lang='lat' dir='ltr'><strong>legibus</strong></span> <span class='ocrx_word' id='word_1_199' title='bbox 1313 2877 1402 2961; x_wconf 86' lang='lat' dir='ltr'><strong>pacis</strong></span> <span class='ocrx_word' id='word_1_200' title='bbox 1424 2889 1457 2941; x_wconf 90' lang='lat' dir='ltr'><strong>et</strong></span> 
     </span>
     <span class='ocr_line' id='line_1_23' title="bbox 298 2982 1455 3066; baseline -0.002 -16"><span class='ocrx_word' id='word_1_201' title='bbox 298 2995 458 3050; x_wconf 89' lang='lat' dir='ltr'><strong>steterunt</strong></span> <span class='ocrx_word' id='word_1_202' title='bbox 472 2983 530 3048; x_wconf 93' lang='lat' dir='ltr'><strong>diu</strong></span> <span class='ocrx_word' id='word_1_203' title='bbox 544 2993 661 3047; x_wconf 90' lang='lat' dir='ltr'><strong>mutua</strong></span> <span class='ocrx_word' id='word_1_204' title='bbox 675 2982 887 3048; x_wconf 89' lang='lat' dir='ltr'><strong>admiratione</strong></span> <span class='ocrx_word' id='word_1_205' title='bbox 902 2983 1012 3047; x_wconf 88' lang='lat' dir='ltr'><strong>defixi.</strong></span> <span class='ocrx_word' id='word_1_206' title='bbox 1037 2982 1095 3046; x_wconf 92' lang='lat' dir='ltr'><strong>ubi</strong></span> <span class='ocrx_word' id='word_1_207' title='bbox 1109 2985 1149 3047; x_wconf 89' lang='lat' dir='ltr'><strong>de</strong></span> <span class='ocrx_word' id='word_1_208' title='bbox 1163 3004 1242 3066; x_wconf 86' lang='lat' dir='ltr'><strong>pace</strong></span> <span class='ocrx_word' id='word_1_209' title='bbox 1257 3006 1324 3048; x_wconf 93' lang='lat' dir='ltr'><strong>non</strong></span> <span class='ocrx_word' id='word_1_210' title='bbox 1338 3006 1455 3048; x_wconf 91' lang='lat' dir='ltr'><strong>conue-</strong></span> 
     </span>
     <span class='ocr_line' id='line_1_24' title="bbox 298 3089 1456 3175; baseline 0 -21"><span class='ocrx_word' id='word_1_211' title='bbox 298 3092 364 3168; x_wconf 90' lang='lat' dir='ltr'><strong>nit,</strong></span> <span class='ocrx_word' id='word_1_212' title='bbox 388 3090 484 3175; x_wconf 82' lang='lat' dir='ltr'><strong>signa</strong></span> <span class='ocrx_word' id='word_1_213' title='bbox 506 3090 661 3154; x_wconf 89' lang='lat' dir='ltr'><strong>cecinere.</strong></span> <span class='ocrx_word' id='word_1_214' title='bbox 685 3100 813 3153; x_wconf 84' lang='lat' dir='ltr'><strong>constat</strong></span> <span class='ocrx_word' id='word_1_215' title='bbox 834 3089 1004 3172; x_wconf 87' lang='lat' dir='ltr'><strong>utriusque</strong></span> <span class='ocrx_word' id='word_1_216' title='bbox 1025 3089 1224 3153; x_wconf 85' lang='lat' dir='ltr'><strong>confessione</strong></span> <span class='ocrx_word' id='word_1_217' title='bbox 1251 3113 1311 3154; x_wconf 93' lang='lat' dir='ltr'><strong>nec</strong></span> <span class='ocrx_word' id='word_1_218' title='bbox 1340 3090 1456 3155; x_wconf 90' lang='lat' dir='ltr'><strong>melius</strong></span> 
     </span>
     <span class='ocr_line' id='line_1_25' title="bbox 299 3194 1455 3280; baseline -0.002 -20"><span class='ocrx_word' id='word_1_219' title='bbox 299 3196 416 3263; x_wconf 90' lang='lat' dir='ltr'><strong>instrui</strong></span> <span class='ocrx_word' id='word_1_220' title='bbox 430 3196 532 3261; x_wconf 88' lang='lat' dir='ltr'><strong>aciem</strong></span> <span class='ocrx_word' id='word_1_221' title='bbox 546 3218 606 3259; x_wconf 91' lang='lat' dir='ltr'><strong>nec</strong></span> <span class='ocrx_word' id='word_1_222' title='bbox 621 3194 726 3259; x_wconf 87' lang='lat' dir='ltr'><strong>acrius</strong></span> <span class='ocrx_word' id='word_1_223' title='bbox 741 3194 884 3277; x_wconf 89' lang='lat' dir='ltr'><strong>potuisse</strong></span> <span class='ocrx_word' id='word_1_224' title='bbox 899 3195 1056 3279; x_wconf 78' lang='lat' dir='ltr'><strong>pugnari3</strong></span> <span class='ocrx_word' id='word_1_225' title='bbox 1075 3196 1136 3259; x_wconf 93' lang='lat' dir='ltr'><strong>hoc</strong></span> <span class='ocrx_word' id='word_1_226' title='bbox 1159 3196 1268 3280; x_wconf 85' lang='lat' dir='ltr'><strong>Scipio</strong></span> <span class='ocrx_word' id='word_1_227' title='bbox 1290 3198 1330 3260; x_wconf 90' lang='lat' dir='ltr'><strong>de</strong></span> <span class='ocrx_word' id='word_1_228' title='bbox 1351 3196 1455 3260; x_wconf 89' lang='lat' dir='ltr'><strong>Anni-</strong></span> 
     </span>
     <span class='ocr_line' id='line_1_26' title="bbox 260 3300 1493 3386; baseline 0.003 -25"><span class='ocrx_word' id='word_1_229' title='bbox 260 3304 391 3381; x_wconf 76' lang='lat' dir='ltr'><strong>2tbalis,</strong></span> <span class='ocrx_word' id='word_1_230' title='bbox 408 3302 553 3366; x_wconf 90' lang='lat' dir='ltr'><strong>Annibal</strong></span> <span class='ocrx_word' id='word_1_231' title='bbox 567 3303 607 3365; x_wconf 91' lang='lat' dir='ltr'><strong>de</strong></span> <span class='ocrx_word' id='word_1_232' title='bbox 623 3300 783 3385; x_wconf 87' lang='lat' dir='ltr'><strong>Scipionis</strong></span> <span class='ocrx_word' id='word_1_233' title='bbox 799 3301 960 3365; x_wconf 85' lang='lat' dir='ltr'><strong>excercitu</strong></span> <span class='ocrx_word' id='word_1_234' title='bbox 971 3301 1250 3386; x_wconf 87' lang='lat' dir='ltr'><strong>praedicanerunt.</strong></span> <span class='ocrx_word' id='word_1_235' title='bbox 1276 3303 1331 3367; x_wconf 85' lang='lat' dir='ltr'><strong>sed</strong></span> <span class='ocrx_word' id='word_1_236' title='bbox 1347 3313 1456 3366; x_wconf 89' lang='lat' dir='ltr'><strong>tamen</strong></span> <span class='ocrx_word' id='word_1_237' title='bbox 1485 3328 1493 3350; x_wconf 88' lang='lat'><strong>·</strong></span> 
     </span>
     <span class='ocr_line' id='line_1_27' title="bbox 298 3406 1455 3491; baseline -0.002 -17"><span class='ocrx_word' id='word_1_238' title='bbox 298 3410 440 3474; x_wconf 85' lang='lat' dir='ltr'><strong>Annibal</strong></span> <span class='ocrx_word' id='word_1_239' title='bbox 462 3408 578 3484; x_wconf 87' lang='lat' dir='ltr'><strong>cessit,</strong></span> <span class='ocrx_word' id='word_1_240' title='bbox 606 3406 848 3491; x_wconf 88' lang='lat' dir='ltr'><strong>praemiumque</strong></span> <span class='ocrx_word' id='word_1_241' title='bbox 875 3407 1029 3472; x_wconf 84' lang='lat' dir='ltr'><strong>uictoriae</strong></span> <span class='ocrx_word' id='word_1_242' title='bbox 1050 3408 1161 3472; x_wconf 83' lang='lat' dir='ltr'><strong>Africa</strong></span> <span class='ocrx_word' id='word_1_243' title='bbox 1188 3408 1251 3473; x_wconf 79' lang='lat' dir='ltr'><strong>fuit</strong></span> <span class='ocrx_word' id='word_1_244' title='bbox 1271 3418 1304 3472; x_wconf 90' lang='lat' dir='ltr'><strong>et</strong></span> <span class='ocrx_word' id='word_1_245' title='bbox 1325 3417 1455 3472; x_wconf 88' lang='lat' dir='ltr'><strong>secutus</strong></span> 
     </span>
     <span class='ocr_line' id='line_1_28' title="bbox 261 3507 867 3597; baseline -0.007 -16"><span class='ocrx_word' id='word_1_246' title='bbox 261 3507 438 3597; x_wconf 64' lang='lat' dir='ltr'><strong>[ddfricam</strong></span> <span class='ocrx_word' id='word_1_247' title='bbox 453 3514 564 3579; x_wconf 88' lang='lat' dir='ltr'><strong>statim</strong></span> <span class='ocrx_word' id='word_1_248' title='bbox 578 3525 736 3578; x_wconf 88' lang='lat' dir='ltr'><strong>terrarum</strong></span> <span class='ocrx_word' id='word_1_249' title='bbox 750 3513 835 3577; x_wconf 86' lang='lat' dir='ltr'><strong>orbis</strong></span> <span class='ocrx_word' id='word_1_250' title='bbox 840 3507 867 3577; x_wconf 79' lang='grc'><strong>.“</strong></span> 
     </span>
    </p>
   </div>
   <div class='ocr_carea' id='block_1_3' title="bbox 415 3742 1336 3818">
    <p class='ocr_par' dir='ltr' id='par_1_5' title="bbox 415 3742 1336 3818">
     <span class='ocr_line' id='line_1_29' title="bbox 415 3742 1336 3818; baseline -0.003 0"><span class='ocrx_word' id='word_1_251' title='bbox 415 3754 556 3818; x_wconf 89' lang='lat' dir='ltr'>XXIII.</span> <span class='ocrx_word' id='word_1_252' title='bbox 581 3753 765 3817; x_wconf 89' lang='lat' dir='ltr'><strong>BELLVM</strong></span> <span class='ocrx_word' id='word_1_253' title='bbox 782 3753 1121 3818; x_wconf 84' lang='lat' dir='ltr'><strong>MACEDONICVM</strong></span> <span class='ocrx_word' id='word_1_254' title='bbox 1137 3742 1336 3816; x_wconf 87' lang='lat' dir='ltr'>PRIMVM.</span> 
     </span>
    </p>
   </div>
   <div class='ocr_carea' id='block_1_4' title="bbox 245 3961 1538 4154">
    <p class='ocr_par' dir='ltr' id='par_1_6' title="bbox 245 3961 1538 4154">
     <span class='ocr_line' id='line_1_30' title="bbox 297 3961 1538 4048; baseline -0.002 -17"><span class='ocrx_word' id='word_1_255' title='bbox 297 3968 375 4031; x_wconf 88' lang='lat' dir='ltr'><strong>Post</strong></span> <span class='ocrx_word' id='word_1_256' title='bbox 392 3963 625 4048; x_wconf 82' lang='lat' dir='ltr'><strong>Carthaginem</strong></span> <span class='ocrx_word' id='word_1_257' title='bbox 640 3961 729 4027; x_wconf 88' lang='lat' dir='ltr'><strong>uinci</strong></span> <span class='ocrx_word' id='word_1_258' title='bbox 743 3962 907 4027; x_wconf 90' lang='lat' dir='ltr'><strong>neminem</strong></span> <span class='ocrx_word' id='word_1_259' title='bbox 929 3963 1057 4047; x_wconf 91' lang='lat' dir='ltr'><strong>puduit.</strong></span> <span class='ocrx_word' id='word_1_260' title='bbox 1083 3962 1194 4028; x_wconf 89' lang='lat' dir='ltr'><strong>statim</strong></span> <span class='ocrx_word' id='word_1_261' title='bbox 1207 3963 1350 4028; x_wconf 84' lang='lat' dir='ltr'><strong>Africam</strong></span> <span class='ocrx_word' id='word_1_262' title='bbox 1366 3988 1455 4038; x_wconf 87' lang='lat' dir='ltr'><strong>secu·</strong></span> <span class='ocrx_word' id='word_1_263' title='bbox 1468 3987 1508 4043; x_wconf 89' lang='lat'><strong>11,</strong></span> <span class='ocrx_word' id='word_1_264' title='bbox 1520 3968 1538 4028; x_wconf 87' lang='grc'><strong>7</strong></span> 
     </span>
     <span class='ocr_line' id='line_1_31' title="bbox 245 4068 1455 4154; baseline -0.002 -18"><span class='ocrx_word' id='word_1_265' title='bbox 245 4069 271 4121; x_wconf 81' lang='lat'><strong>&#39;⁰</strong></span> <span class='ocrx_word' id='word_1_266' title='bbox 296 4085 390 4136; x_wconf 89' lang='lat' dir='ltr'><strong>cutae</strong></span> <span class='ocrx_word' id='word_1_267' title='bbox 413 4081 491 4135; x_wconf 88' lang='lat' dir='ltr'><strong>sunt</strong></span> <span class='ocrx_word' id='word_1_268' title='bbox 512 4079 645 4153; x_wconf 82' lang='lat' dir='ltr'><strong>gentes,</strong></span> <span class='ocrx_word' id='word_1_269' title='bbox 669 4069 861 4133; x_wconf 90' lang='lat' dir='ltr'><strong>Macedonia</strong></span> <span class='ocrx_word' id='word_1_270' title='bbox 881 4069 1019 4134; x_wconf 85' lang='lat' dir='ltr'><strong>Graecia</strong></span> <span class='ocrx_word' id='word_1_271' title='bbox 1040 4068 1135 4154; x_wconf 89' lang='lat' dir='ltr'><strong>Syria</strong></span> <span class='ocrx_word' id='word_1_272' title='bbox 1155 4079 1323 4154; x_wconf 88' lang='lat' dir='ltr'><strong>ceteraque</strong></span> <span class='ocrx_word' id='word_1_273' title='bbox 1346 4071 1455 4135; x_wconf 89' lang='lat' dir='ltr'><strong>omnia</strong></span> 
     </span>
    </p>
   </div>
   <div class='ocr_carea' id='block_1_5' title="bbox 295 4332 1455 4747">
    <p class='ocr_par' dir='ltr' id='par_1_7' title="bbox 295 4332 1455 4747">
     <span class='ocr_line' id='line_1_32' title="bbox 299 4332 1453 4407; baseline 0 -19"><span class='ocrx_word' id='word_1_274' title='bbox 299 4340 308 4388; x_wconf 86' lang='lat' dir='ltr'><strong>l</strong></span> <span class='ocrx_word' id='word_1_275' title='bbox 330 4335 521 4407; x_wconf 75' lang='lat' dir='ltr'><strong>longissimum</strong></span> <span class='ocrx_word' id='word_1_276' title='bbox 538 4333 698 4388; x_wconf 69' lang='lat' dir='ltr'><strong>tuicitanae</strong></span> <span class='ocrx_word' id='word_1_277' title='bbox 716 4346 735 4387; x_wconf 76' lang='lat' dir='ltr'><strong>a</strong></span> <span class='ocrx_word' id='word_1_278' title='bbox 754 4333 763 4404; x_wconf 91' lang='grc'><strong>11</strong></span> <span class='ocrx_word' id='word_1_279' title='bbox 782 4337 797 4387; x_wconf 86' lang='grc'>3</span> <span class='ocrx_word' id='word_1_280' title='bbox 816 4332 1042 4404; x_wconf 84' lang='lat' dir='ltr'><strong>inopinanterque</strong></span> <span class='ocrx_word' id='word_1_281' title='bbox 1059 4346 1085 4387; x_wconf 72' lang='grc' dir='ltr'><em>Ν</em></span> <span class='ocrx_word' id='word_1_282' title='bbox 1101 4334 1110 4405; x_wconf 91' lang='grc'>1</span> <span class='ocrx_word' id='word_1_283' title='bbox 1129 4334 1327 4405; x_wconf 87' lang='lat' dir='ltr'><strong>conpresserint</strong></span> <span class='ocrx_word' id='word_1_284' title='bbox 1349 4344 1375 4387; x_wconf 68' lang='lat' dir='ltr'><strong>n*</strong></span> <span class='ocrx_word' id='word_1_285' title='bbox 1392 4333 1400 4403; x_wconf 95' lang='grc'><strong>11</strong></span> <span class='ocrx_word' id='word_1_286' title='bbox 1422 4336 1453 4388; x_wconf 86' lang='grc' dir='ltr'><strong>Ιθ</strong></span> 
     </span>
     <span class='ocr_line' id='line_1_33' title="bbox 295 4418 1455 4493; baseline -0.002 -18"><span class='ocrx_word' id='word_1_287' title='bbox 295 4420 492 4493; x_wconf 83' lang='lat' dir='ltr'><strong>hasperrimum</strong></span> <span class='ocrx_word' id='word_1_288' title='bbox 503 4432 522 4473; x_wconf 76' lang='lat' dir='ltr'><strong>a</strong></span> <span class='ocrx_word' id='word_1_289' title='bbox 534 4419 544 4490; x_wconf 91' lang='grc'>1</span> <span class='ocrx_word' id='word_1_290' title='bbox 559 4421 588 4472; x_wconf 86' lang='lat'><strong>11</strong></span> <span class='ocrx_word' id='word_1_291' title='bbox 608 4418 718 4473; x_wconf 78' lang='lat' dir='ltr'><strong>africam</strong></span> <span class='ocrx_word' id='word_1_292' title='bbox 736 4431 762 4473; x_wconf 71' lang='lat' dir='ltr'><strong>rr</strong></span> <span class='ocrx_word' id='word_1_293' title='bbox 779 4418 788 4489; x_wconf 94' lang='grc'><strong>11</strong></span> <span class='ocrx_word' id='word_1_294' title='bbox 812 4422 842 4473; x_wconf 83' lang='lat'><strong>1³</strong></span> <span class='ocrx_word' id='word_1_295' title='bbox 862 4418 935 4473; x_wconf 84' lang='lat' dir='ltr'><strong>fudit</strong></span> <span class='ocrx_word' id='word_1_296' title='bbox 952 4436 995 4472; x_wconf 88' lang='lat' dir='ltr'><strong>om</strong></span> <span class='ocrx_word' id='word_1_297' title='bbox 1011 4430 1037 4472; x_wconf 78' lang='grc' dir='ltr'><em>Ν</em></span> <span class='ocrx_word' id='word_1_298' title='bbox 1053 4420 1062 4491; x_wconf 92' lang='grc'><strong>11</strong></span> <span class='ocrx_word' id='word_1_299' title='bbox 1080 4419 1203 4491; x_wconf 85' lang='lat' dir='ltr'><strong>syphacis</strong></span> <span class='ocrx_word' id='word_1_300' title='bbox 1228 4418 1361 4473; x_wconf 84' lang='lat' dir='ltr'><strong>exercitus</strong></span> <span class='ocrx_word' id='word_1_301' title='bbox 1382 4418 1455 4473; x_wconf 81' lang='lat' dir='ltr'><strong>rudit</strong></span> 
     </span>
     <span class='ocr_line' id='line_1_34' title="bbox 297 4503 1454 4577; baseline -0.001 -17"><span class='ocrx_word' id='word_1_302' title='bbox 297 4518 322 4559; x_wconf 73' lang='grc' dir='ltr'><em>Ν</em></span> <span class='ocrx_word' id='word_1_303' title='bbox 331 4507 340 4577; x_wconf 93' lang='grc'><strong>11</strong></span> <span class='ocrx_word' id='word_1_304' title='bbox 355 4510 385 4559; x_wconf 79' lang='lat' dir='ltr'><strong>ll</strong></span> <span class='ocrx_word' id='word_1_305' title='bbox 404 4505 547 4575; x_wconf 87' lang='lat' dir='ltr'><strong>utriusque</strong></span> <span class='ocrx_word' id='word_1_306' title='bbox 565 4504 657 4559; x_wconf 83' lang='lat' dir='ltr'><strong>elassis</strong></span> <span class='ocrx_word' id='word_1_307' title='bbox 676 4511 764 4559; x_wconf 72' lang='lat' dir='ltr'><strong>casua</strong></span> <span class='ocrx_word' id='word_1_308' title='bbox 779 4517 815 4558; x_wconf 78' lang='lat' dir='ltr'><strong>BI</strong></span> <span class='ocrx_word' id='word_1_309' title='bbox 831 4505 840 4575; x_wconf 94' lang='grc'><strong>11</strong></span> <span class='ocrx_word' id='word_1_310' title='bbox 862 4508 892 4557; x_wconf 85' lang='grc'><strong>19</strong></span> <span class='ocrx_word' id='word_1_311' title='bbox 912 4511 975 4558; x_wconf 87' lang='lat' dir='ltr'><strong>ante</strong></span> <span class='ocrx_word' id='word_1_312' title='bbox 994 4516 1033 4559; x_wconf 75' lang='grc' dir='ltr'><strong>ιΝ</strong></span> <span class='ocrx_word' id='word_1_313' title='bbox 1049 4505 1057 4575; x_wconf 87' lang='grc'>1</span> <span class='ocrx_word' id='word_1_314' title='bbox 1074 4503 1186 4558; x_wconf 81' lang='lat' dir='ltr'><strong>maximi</strong></span> <span class='ocrx_word' id='word_1_315' title='bbox 1204 4504 1239 4573; x_wconf 90' lang='grc'><strong>111</strong></span> <span class='ocrx_word' id='word_1_316' title='bbox 1258 4506 1288 4556; x_wconf 80' lang='lat'><strong>21</strong></span> <span class='ocrx_word' id='word_1_317' title='bbox 1310 4503 1384 4574; x_wconf 88' lang='lat' dir='ltr'><strong>pacis</strong></span> <span class='ocrx_word' id='word_1_318' title='bbox 1402 4512 1454 4559; x_wconf 79' lang='lat' dir='ltr'><strong>sta·</strong></span> 
     </span>
     <span class='ocr_line' id='line_1_35' title="bbox 300 4587 1453 4662; baseline 0.001 -19"><span class='ocrx_word' id='word_1_319' title='bbox 300 4597 391 4644; x_wconf 81' lang='lat' dir='ltr'><strong>terunt</strong></span> <span class='ocrx_word' id='word_1_320' title='bbox 406 4602 445 4645; x_wconf 75' lang='grc' dir='ltr'><strong>ιΝ</strong></span> <span class='ocrx_word' id='word_1_321' title='bbox 462 4590 472 4660; x_wconf 95' lang='grc'><strong>11</strong></span> <span class='ocrx_word' id='word_1_322' title='bbox 484 4593 518 4644; x_wconf 80' lang='lat'><strong>22</strong></span> <span class='ocrx_word' id='word_1_323' title='bbox 531 4590 579 4645; x_wconf 92' lang='lat' dir='ltr'><strong>ubi</strong></span> <span class='ocrx_word' id='word_1_324' title='bbox 590 4608 656 4645; x_wconf 88' lang='lat' dir='ltr'><strong>uero</strong></span> <span class='ocrx_word' id='word_1_325' title='bbox 668 4591 702 4644; x_wconf 91' lang='lat' dir='ltr'><strong>de</strong></span> <span class='ocrx_word' id='word_1_326' title='bbox 713 4603 729 4644; x_wconf 86' lang='grc' dir='ltr'><strong><em>Ι</em></strong></span> <span class='ocrx_word' id='word_1_327' title='bbox 739 4590 748 4660; x_wconf 94' lang='grc'><strong>11</strong></span> <span class='ocrx_word' id='word_1_328' title='bbox 762 4594 794 4643; x_wconf 74' lang='lat'><strong>24</strong></span> <span class='ocrx_word' id='word_1_329' title='bbox 807 4589 941 4662; x_wconf 85' lang='lat' dir='ltr'><strong>potuisset</strong></span> <span class='ocrx_word' id='word_1_330' title='bbox 954 4602 978 4643; x_wconf 75' lang='grc' dir='ltr'><em>Ν</em></span> <span class='ocrx_word' id='word_1_331' title='bbox 990 4590 999 4659; x_wconf 95' lang='grc'><strong>11</strong></span> <span class='ocrx_word' id='word_1_332' title='bbox 1013 4593 1045 4644; x_wconf 80' lang='lat'><strong>25</strong></span> <span class='ocrx_word' id='word_1_333' title='bbox 1059 4590 1093 4644; x_wconf 91' lang='lat' dir='ltr'><strong>de</strong></span> <span class='ocrx_word' id='word_1_334' title='bbox 1105 4587 1233 4659; x_wconf 89' lang='lat' dir='ltr'><strong>scipionis</strong></span> <span class='ocrx_word' id='word_1_335' title='bbox 1245 4618 1278 4629; x_wconf 94' lang='lat'>-</span> <span class='ocrx_word' id='word_1_336' title='bbox 1290 4589 1401 4644; x_wconf 84' lang='lat' dir='ltr'><strong>annibal</strong></span> <span class='ocrx_word' id='word_1_337' title='bbox 1413 4608 1453 4643; x_wconf 83' lang='lat' dir='ltr'><strong>om</strong></span> 
     </span>
     <span class='ocr_line' id='line_1_36' title="bbox 299 4674 1255 4747; baseline 0.001 -20"><span class='ocrx_word' id='word_1_338' title='bbox 299 4686 317 4727; x_wconf 79' lang='lat' dir='ltr'><strong>r</strong></span> <span class='ocrx_word' id='word_1_339' title='bbox 330 4675 338 4744; x_wconf 91' lang='grc'><strong>11</strong></span> <span class='ocrx_word' id='word_1_340' title='bbox 351 4678 383 4730; x_wconf 78' lang='lat'><strong>28</strong></span> <span class='ocrx_word' id='word_1_341' title='bbox 397 4688 513 4730; x_wconf 82' lang='lat' dir='ltr'><strong>rarrrvu</strong></span> <span class='ocrx_word' id='word_1_342' title='bbox 526 4694 567 4730; x_wconf 88' lang='lat' dir='ltr'><strong>om</strong></span> <span class='ocrx_word' id='word_1_343' title='bbox 579 4675 624 4747; x_wconf 73' lang='grc' dir='ltr'><strong>Ν1</strong></span> <span class='ocrx_word' id='word_1_344' title='bbox 638 4679 670 4731; x_wconf 77' lang='lat'><strong>29</strong></span> <span class='ocrx_word' id='word_1_345' title='bbox 683 4683 790 4732; x_wconf 67' lang='lat' dir='ltr'><strong>saeuae</strong></span> <span class='ocrx_word' id='word_1_346' title='bbox 802 4682 866 4731; x_wconf 82' lang='lat' dir='ltr'><strong>sunt</strong></span> <span class='ocrx_word' id='word_1_347' title='bbox 878 4675 970 4730; x_wconf 86' lang='lat' dir='ltr'><strong>statim</strong></span> <span class='ocrx_word' id='word_1_348' title='bbox 982 4674 1092 4730; x_wconf 78' lang='lat' dir='ltr'><strong>africam</strong></span> <span class='ocrx_word' id='word_1_349' title='bbox 1104 4681 1199 4744; x_wconf 79' lang='lat' dir='ltr'><strong>gentes</strong></span> <span class='ocrx_word' id='word_1_350' title='bbox 1210 4685 1236 4728; x_wconf 65' lang='lat' dir='ltr'><strong>rr</strong></span> <span class='ocrx_word' id='word_1_351' title='bbox 1246 4674 1255 4745; x_wconf 93' lang='grc'><strong>11</strong></span> 
     </span>
    </p>
   </div>
   <div class='ocr_carea' id='block_1_6' title="bbox 0 0 1910 5534">
    <p class='ocr_par' dir='ltr' id='par_1_8' title="bbox 0 0 1910 5534">
     <span class='ocr_line' id='line_1_37' title="bbox 0 0 1910 5534; baseline 0 2"><span class='ocrx_word' id='word_1_352' title='bbox 0 0 1910 5534; x_wconf 95' lang='lat' dir='ltr'><strong> </strong></span> 
     </span>
    </p>
   </div>
  </div>
 </body>
</html>
