<?xml version="1.0" encoding="UTF-8"?>
<!DOCTYPE html PUBLIC "-//W3C//DTD XHTML 1.0 Transitional//EN"
    "http://www.w3.org/TR/xhtml1/DTD/xhtml1-transitional.dtd">
<html xmlns="http://www.w3.org/1999/xhtml" xml:lang="en" lang="en">
 <head>
  <title>
</title>
<meta http-equiv="Content-Type" content="text/html;charset=utf-8" />
  <meta name='ocr-system' content='tesseract 3.04.00' />
  <meta name='ocr-capabilities' content='ocr_page ocr_carea ocr_par ocr_line ocrx_word'/>
</head>
<body>
  <div class='ocr_page' id='page_1' title='image "./iulifloriepitom00florgoog_0086.png"; bbox 0 0 3809 5534; ppageno 0'>
   <div class='ocr_carea' id='block_1_1' title="bbox 452 585 1129 647">
    <p class='ocr_par' dir='ltr' id='par_1_1' title="bbox 452 585 1129 647">
     <span class='ocr_line' id='line_1_1' title="bbox 452 585 1129 647; baseline 0.001 -2"><span class='ocrx_word' id='word_1_1' title='bbox 452 585 493 646; x_wconf 83' lang='grc'><strong>28</strong></span> <span class='ocrx_word' id='word_1_2' title='bbox 945 601 1015 646; x_wconf 82' lang='lat' dir='ltr'><strong>1vn1</strong></span> <span class='ocrx_word' id='word_1_3' title='bbox 1031 602 1129 647; x_wconf 81' lang='lat' dir='ltr'><strong>rrnru</strong></span> 
     </span>
    </p>
   </div>
   <div class='ocr_carea' id='block_1_2' title="bbox 453 747 1656 2528">
    <p class='ocr_par' dir='ltr' id='par_1_2' title="bbox 453 747 1612 942">
     <span class='ocr_line' id='line_1_2' title="bbox 453 747 1612 837; baseline -0.007 -19"><span class='ocrx_word' id='word_1_4' title='bbox 453 754 561 837; x_wconf 89' lang='lat' dir='ltr'><strong>itaque</strong></span> <span class='ocrx_word' id='word_1_5' title='bbox 573 763 711 816; x_wconf 89' lang='lat' dir='ltr'><strong>nanetus</strong></span> <span class='ocrx_word' id='word_1_6' title='bbox 724 751 925 815; x_wconf 89' lang='lat' dir='ltr'><strong>tribunatum</strong></span> <span class='ocrx_word' id='word_1_7' title='bbox 936 752 1096 815; x_wconf 92' lang='lat' dir='ltr'><strong>honorum</strong></span> <span class='ocrx_word' id='word_1_8' title='bbox 1108 763 1141 816; x_wconf 93' lang='lat' dir='ltr'><strong>et</strong></span> <span class='ocrx_word' id='word_1_9' title='bbox 1151 752 1400 837; x_wconf 77' lang='lat' dir='ltr'><strong>magistratuum</strong></span> <span class='ocrx_word' id='word_1_10' title='bbox 1409 747 1612 813; x_wconf 85' lang='lat' dir='ltr'>consortium</span> 
     </span>
     <span class='ocr_line' id='line_1_3' title="bbox 455 857 1064 942; baseline -0.002 -21"><span class='ocrx_word' id='word_1_11' title='bbox 455 858 603 942; x_wconf 93' lang='lat' dir='ltr'><strong>quamuis</strong></span> <span class='ocrx_word' id='word_1_12' title='bbox 630 857 736 920; x_wconf 92' lang='lat' dir='ltr'><strong>inuito</strong></span> <span class='ocrx_word' id='word_1_13' title='bbox 763 858 891 921; x_wconf 90' lang='lat' dir='ltr'><strong>senatui</strong></span> <span class='ocrx_word' id='word_1_14' title='bbox 919 858 1064 922; x_wconf 83' lang='lat' dir='ltr'><strong>extorsit.</strong></span> 
     </span>
    </p>

    <p class='ocr_par' dir='ltr' id='par_1_3' title="bbox 456 960 1656 2208">
     <span class='ocr_line' id='line_1_4' title="bbox 509 960 1614 1047; baseline -0.006 -17"><span class='ocrx_word' id='word_1_15' title='bbox 509 1019 514 1030; x_wconf 78' lang='lat'><strong>.</strong></span> <span class='ocrx_word' id='word_1_16' title='bbox 530 967 652 1030; x_wconf 87' lang='lat' dir='ltr'><strong>Verum</strong></span> <span class='ocrx_word' id='word_1_17' title='bbox 666 963 700 1025; x_wconf 92' lang='lat' dir='ltr'><strong>in</strong></span> <span class='ocrx_word' id='word_1_18' title='bbox 713 962 791 1045; x_wconf 85' lang='lat' dir='ltr'><strong>ipsis</strong></span> <span class='ocrx_word' id='word_1_19' title='bbox 803 962 1014 1027; x_wconf 83' lang='lat' dir='ltr'><strong>seditionibus</strong></span> <span class='ocrx_word' id='word_1_20' title='bbox 1025 964 1204 1047; x_wconf 80' lang='lat' dir='ltr'><strong>principem</strong></span> <span class='ocrx_word' id='word_1_21' title='bbox 1210 964 1367 1047; x_wconf 80' lang='lat' dir='ltr'><strong>popubrm</strong></span> <span class='ocrx_word' id='word_1_22' title='bbox 1379 983 1447 1024; x_wconf 90' lang='lat' dir='ltr'><strong>non</strong></span> <span class='ocrx_word' id='word_1_23' title='bbox 1460 960 1614 1024; x_wconf 86' lang='lat' dir='ltr'><strong>inmerito</strong></span> 
     </span>
     <span class='ocr_line' id='line_1_5' title="bbox 456 1068 1614 1153; baseline -0.004 -19"><span class='ocrx_word' id='word_1_24' title='bbox 456 1070 648 1153; x_wconf 82' lang='lat' dir='ltr'><strong>suspexeris.</strong></span> <span class='ocrx_word' id='word_1_25' title='bbox 667 1069 694 1131; x_wconf 89' lang='lat' dir='ltr'><strong>si</strong></span> <span class='ocrx_word' id='word_1_26' title='bbox 705 1068 836 1151; x_wconf 91' lang='lat' dir='ltr'><strong>quidem</strong></span> <span class='ocrx_word' id='word_1_27' title='bbox 849 1090 938 1131; x_wconf 89' lang='lat' dir='ltr'><strong>nunc</strong></span> <span class='ocrx_word' id='word_1_28' title='bbox 948 1068 1142 1145; x_wconf 88' lang='lat' dir='ltr'><strong>libertatem,</strong></span> <span class='ocrx_word' id='word_1_29' title='bbox 1156 1092 1244 1132; x_wconf 88' lang='lat' dir='ltr'><strong>nunc</strong></span> <span class='ocrx_word' id='word_1_30' title='bbox 1255 1068 1459 1153; x_wconf 80' lang='lat' dir='ltr'><strong>pudicitiam,</strong></span> <span class='ocrx_word' id='word_1_31' title='bbox 1473 1077 1547 1130; x_wconf 92' lang='lat' dir='ltr'><strong>tum</strong></span> <span class='ocrx_word' id='word_1_32' title='bbox 1559 1089 1614 1129; x_wconf 93' lang='lat' dir='ltr'><strong>na-</strong></span> 
     </span>
     <span class='ocr_line' id='line_1_6' title="bbox 458 1172 1650 1257; baseline -0.003 -20"><span class='ocrx_word' id='word_1_33' title='bbox 458 1174 573 1237; x_wconf 90' lang='lat' dir='ltr'><strong>talium</strong></span> <span class='ocrx_word' id='word_1_34' title='bbox 588 1174 797 1256; x_wconf 88' lang='lat' dir='ltr'><strong>dignitatem,</strong></span> <span class='ocrx_word' id='word_1_35' title='bbox 825 1184 896 1237; x_wconf 90' lang='lat' dir='ltr'><strong>tum</strong></span> <span class='ocrx_word' id='word_1_36' title='bbox 910 1173 1070 1237; x_wconf 90' lang='lat' dir='ltr'><strong>honorum</strong></span> <span class='ocrx_word' id='word_1_37' title='bbox 1085 1176 1200 1238; x_wconf 89' lang='lat' dir='ltr'><strong>decora</strong></span> <span class='ocrx_word' id='word_1_38' title='bbox 1214 1185 1247 1237; x_wconf 91' lang='lat' dir='ltr'><strong>et</strong></span> <span class='ocrx_word' id='word_1_39' title='bbox 1261 1174 1402 1257; x_wconf 87' lang='lat' dir='ltr'><strong>insignia</strong></span> <span class='ocrx_word' id='word_1_40' title='bbox 1417 1172 1615 1248; x_wconf 91' lang='lat' dir='ltr'><strong>uindicauit,</strong></span> <span class='ocrx_word' id='word_1_41' title='bbox 1635 1185 1650 1233; x_wconf 82' lang='lat'><strong>5</strong></span> 
     </span>
     <span class='ocr_line' id='line_1_7' title="bbox 457 1278 1615 1363; baseline -0.003 -21"><span class='ocrx_word' id='word_1_42' title='bbox 457 1280 604 1363; x_wconf 88' lang='lat' dir='ltr'><strong>interque</strong></span> <span class='ocrx_word' id='word_1_43' title='bbox 611 1281 689 1343; x_wconf 89' lang='lat' dir='ltr'><strong>haec</strong></span> <span class='ocrx_word' id='word_1_44' title='bbox 696 1279 933 1344; x_wconf 88' lang='lat' dir='ltr'><strong>omnianullius</strong></span> <span class='ocrx_word' id='word_1_45' title='bbox 946 1279 1047 1342; x_wconf 89' lang='lat' dir='ltr'><strong>acrior</strong></span> <span class='ocrx_word' id='word_1_46' title='bbox 1055 1291 1162 1343; x_wconf 90' lang='lat' dir='ltr'><strong>custos</strong></span> <span class='ocrx_word' id='word_1_47' title='bbox 1176 1302 1273 1363; x_wconf 89' lang='lat' dir='ltr'><strong>quam</strong></span> <span class='ocrx_word' id='word_1_48' title='bbox 1284 1279 1443 1344; x_wconf 81' lang='lat' dir='ltr'><strong>libertatis</strong></span> <span class='ocrx_word' id='word_1_49' title='bbox 1452 1278 1529 1354; x_wconf 89' lang='lat' dir='ltr'><strong>fuit,</strong></span> <span class='ocrx_word' id='word_1_50' title='bbox 1543 1279 1615 1340; x_wconf 91' lang='lat' dir='ltr'><strong>nul-</strong></span> 
     </span>
     <span class='ocr_line' id='line_1_8' title="bbox 458 1384 1615 1468; baseline -0.001 -21"><span class='ocrx_word' id='word_1_51' title='bbox 458 1386 552 1467; x_wconf 92' lang='lat' dir='ltr'><strong>laque</strong></span> <span class='ocrx_word' id='word_1_52' title='bbox 564 1386 599 1447; x_wconf 91' lang='lat' dir='ltr'><strong>in</strong></span> <span class='ocrx_word' id='word_1_53' title='bbox 610 1386 751 1467; x_wconf 90' lang='lat' dir='ltr'><strong>pretium</strong></span> <span class='ocrx_word' id='word_1_54' title='bbox 758 1385 827 1448; x_wconf 90' lang='lat' dir='ltr'><strong>eius</strong></span> <span class='ocrx_word' id='word_1_55' title='bbox 835 1385 942 1468; x_wconf 93' lang='lat' dir='ltr'><strong>potuit</strong></span> <span class='ocrx_word' id='word_1_56' title='bbox 953 1385 1124 1468; x_wconf 81' lang='lat' dir='ltr'><strong>largitione</strong></span> <span class='ocrx_word' id='word_1_57' title='bbox 1135 1385 1308 1468; x_wconf 85' lang='lat' dir='ltr'><strong>corrumpi,</strong></span> <span class='ocrx_word' id='word_1_58' title='bbox 1325 1407 1401 1448; x_wconf 92' lang='lat' dir='ltr'><strong>cum</strong></span> <span class='ocrx_word' id='word_1_59' title='bbox 1409 1384 1615 1467; x_wconf 90' lang='lat' dir='ltr'><strong>utinmagno</strong></span> 
     </span>
     <span class='ocr_line' id='line_1_9' title="bbox 460 1490 1613 1574; baseline -0.005 -21"><span class='ocrx_word' id='word_1_60' title='bbox 460 1490 543 1554; x_wconf 92' lang='lat' dir='ltr'><strong>etin</strong></span> <span class='ocrx_word' id='word_1_61' title='bbox 557 1492 625 1554; x_wconf 91' lang='lat' dir='ltr'><strong>dies</strong></span> <span class='ocrx_word' id='word_1_62' title='bbox 639 1491 759 1554; x_wconf 90' lang='lat' dir='ltr'><strong>maiore</strong></span> <span class='ocrx_word' id='word_1_63' title='bbox 778 1491 898 1574; x_wconf 92' lang='lat' dir='ltr'><strong>populo</strong></span> <span class='ocrx_word' id='word_1_64' title='bbox 918 1490 1049 1553; x_wconf 90' lang='lat' dir='ltr'><strong>interim</strong></span> <span class='ocrx_word' id='word_1_65' title='bbox 1070 1491 1243 1574; x_wconf 85' lang='lat' dir='ltr'><strong>perniciosi</strong></span> <span class='ocrx_word' id='word_1_66' title='bbox 1261 1490 1348 1554; x_wconf 88' lang='lat' dir='ltr'><strong>ciues</strong></span> <span class='ocrx_word' id='word_1_67' title='bbox 1369 1490 1560 1554; x_wconf 85' lang='lat' dir='ltr'><strong>existerent.</strong></span> <span class='ocrx_word' id='word_1_68' title='bbox 1577 1514 1613 1548; x_wconf 64' lang='lat' dir='ltr'><strong>a*</strong></span> 
     </span>
     <span class='ocr_line' id='line_1_10' title="bbox 459 1595 1614 1681; baseline 0.002 -23"><span class='ocrx_word' id='word_1_69' title='bbox 459 1595 651 1679; x_wconf 83' lang='lat' dir='ltr'><strong>largitione,</strong></span> <span class='ocrx_word' id='word_1_70' title='bbox 669 1597 818 1660; x_wconf 86' lang='lat' dir='ltr'><strong>Cassium</strong></span> <span class='ocrx_word' id='word_1_71' title='bbox 833 1596 958 1680; x_wconf 90' lang='lat' dir='ltr'><strong>agraria</strong></span> <span class='ocrx_word' id='word_1_72' title='bbox 971 1598 1042 1681; x_wconf 87' lang='lat' dir='ltr'><strong>lege</strong></span> <span class='ocrx_word' id='word_1_73' title='bbox 1057 1607 1243 1679; x_wconf 89' lang='lat' dir='ltr'><strong>suspectum</strong></span> <span class='ocrx_word' id='word_1_74' title='bbox 1260 1597 1365 1680; x_wconf 85' lang='lat' dir='ltr'><strong>regiae</strong></span> <span class='ocrx_word' id='word_1_75' title='bbox 1384 1596 1614 1660; x_wconf 90' lang='lat' dir='ltr'><strong>dominationis</strong></span> 
     </span>
     <span class='ocr_line' id='line_1_11' title="bbox 460 1702 1656 1786; baseline 0 -22"><span class='ocrx_word' id='word_1_76' title='bbox 460 1702 621 1785; x_wconf 85' lang='lat' dir='ltr'><strong>praesenti</strong></span> <span class='ocrx_word' id='word_1_77' title='bbox 631 1713 734 1765; x_wconf 89' lang='lat' dir='ltr'><strong>morte</strong></span> <span class='ocrx_word' id='word_1_78' title='bbox 748 1703 913 1766; x_wconf 90' lang='lat' dir='ltr'><strong>multauit.</strong></span> <span class='ocrx_word' id='word_1_79' title='bbox 932 1724 969 1765; x_wconf 93' lang='lat' dir='ltr'><strong>ac</strong></span> <span class='ocrx_word' id='word_1_80' title='bbox 984 1705 1024 1766; x_wconf 93' lang='lat' dir='ltr'><strong>de</strong></span> <span class='ocrx_word' id='word_1_81' title='bbox 1039 1702 1155 1785; x_wconf 88' lang='lat' dir='ltr'><strong>Spurio</strong></span> <span class='ocrx_word' id='word_1_82' title='bbox 1168 1703 1299 1786; x_wconf 91' lang='lat' dir='ltr'><strong>quidem</strong></span> <span class='ocrx_word' id='word_1_83' title='bbox 1313 1703 1512 1786; x_wconf 88' lang='lat' dir='ltr'><strong>supplicium</strong></span> <span class='ocrx_word' id='word_1_84' title='bbox 1527 1714 1615 1786; x_wconf 87' lang='lat' dir='ltr'><strong>pater</strong></span> <span class='ocrx_word' id='word_1_85' title='bbox 1632 1715 1656 1764; x_wconf 84' lang='lat' dir='ltr'><strong>lt</strong></span> 
     </span>
     <span class='ocr_line' id='line_1_12' title="bbox 459 1807 1612 1891; baseline 0.003 -22"><span class='ocrx_word' id='word_1_86' title='bbox 459 1808 561 1889; x_wconf 90' lang='lat' dir='ltr'><strong>ipsius</strong></span> <span class='ocrx_word' id='word_1_87' title='bbox 569 1807 718 1889; x_wconf 89' lang='lat' dir='ltr'><strong>sumpsit,</strong></span> <span class='ocrx_word' id='word_1_88' title='bbox 733 1808 821 1870; x_wconf 90' lang='lat' dir='ltr'><strong>hunc</strong></span> <span class='ocrx_word' id='word_1_89' title='bbox 835 1807 982 1877; x_wconf 86' lang='lat' dir='ltr'><strong>Quinctii</strong></span> <span class='ocrx_word' id='word_1_90' title='bbox 989 1808 1153 1872; x_wconf 88' lang='lat' dir='ltr'><strong>dictatoris</strong></span> <span class='ocrx_word' id='word_1_91' title='bbox 1164 1808 1299 1891; x_wconf 88' lang='lat' dir='ltr'><strong>imperio</strong></span> <span class='ocrx_word' id='word_1_92' title='bbox 1310 1808 1539 1873; x_wconf 84' lang='lat' dir='ltr'><strong>inmedioforo</strong></span> <span class='ocrx_word' id='word_1_93' title='bbox 1550 1831 1612 1872; x_wconf 90' lang='lat' dir='ltr'><strong>ma·</strong></span> 
     </span>
     <span class='ocr_line' id='line_1_13' title="bbox 460 1912 1614 1998; baseline 0.003 -23"><span class='ocrx_word' id='word_1_94' title='bbox 460 1913 560 1996; x_wconf 88' lang='lat' dir='ltr'><strong>gister</strong></span> <span class='ocrx_word' id='word_1_95' title='bbox 572 1913 717 1995; x_wconf 93' lang='lat' dir='ltr'><strong>equitum</strong></span> <span class='ocrx_word' id='word_1_96' title='bbox 733 1912 889 1976; x_wconf 87' lang='lat' dir='ltr'><strong>Seruilius</strong></span> <span class='ocrx_word' id='word_1_97' title='bbox 905 1913 1011 1976; x_wconf 83' lang='lat' dir='ltr'><strong>Ahala</strong></span> <span class='ocrx_word' id='word_1_98' title='bbox 1024 1914 1176 1978; x_wconf 86' lang='lat' dir='ltr'><strong>confodit.</strong></span> <span class='ocrx_word' id='word_1_99' title='bbox 1191 1915 1354 1977; x_wconf 88' lang='lat' dir='ltr'><strong>Manlium</strong></span> <span class='ocrx_word' id='word_1_100' title='bbox 1369 1936 1447 1978; x_wconf 90' lang='lat' dir='ltr'><strong>uero</strong></span> <span class='ocrx_word' id='word_1_101' title='bbox 1464 1915 1614 1998; x_wconf 86' lang='lat' dir='ltr'><strong>Capitolii</strong></span> 
     </span>
     <span class='ocr_line' id='line_1_14' title="bbox 461 2017 1612 2102; baseline 0.003 -22"><span class='ocrx_word' id='word_1_102' title='bbox 461 2018 641 2094; x_wconf 86' lang='lat' dir='ltr'><strong>uindicem,</strong></span> <span class='ocrx_word' id='word_1_103' title='bbox 665 2017 741 2101; x_wconf 90' lang='lat' dir='ltr'><strong>quia</strong></span> <span class='ocrx_word' id='word_1_104' title='bbox 755 2019 923 2102; x_wconf 89' lang='lat' dir='ltr'><strong>plerosque</strong></span> <span class='ocrx_word' id='word_1_105' title='bbox 938 2020 1118 2083; x_wconf 90' lang='lat' dir='ltr'><strong>debitorum</strong></span> <span class='ocrx_word' id='word_1_106' title='bbox 1133 2020 1324 2084; x_wconf 87' lang='lat' dir='ltr'><strong>liberauerat</strong></span> <span class='ocrx_word' id='word_1_107' title='bbox 1340 2020 1438 2084; x_wconf 89' lang='lat' dir='ltr'><strong>altius</strong></span> <span class='ocrx_word' id='word_1_108' title='bbox 1454 2032 1488 2084; x_wconf 92' lang='lat' dir='ltr'><strong>et</strong></span> <span class='ocrx_word' id='word_1_109' title='bbox 1503 2021 1612 2084; x_wconf 90' lang='lat' dir='ltr'><strong>inciui-</strong></span> 
     </span>
     <span class='ocr_line' id='line_1_15' title="bbox 461 2109 1542 2208; baseline 0.003 -22"><span class='ocrx_word' id='word_1_110' title='bbox 461 2124 524 2187; x_wconf 92' lang='lat' dir='ltr'><strong>lius</strong></span> <span class='ocrx_word' id='word_1_111' title='bbox 540 2146 574 2187; x_wconf 89' lang='lat' dir='ltr'><strong>se</strong></span> <span class='ocrx_word' id='word_1_112' title='bbox 590 2124 785 2200; x_wconf 87' lang='lat' dir='ltr'><strong>efferentem,</strong></span> <span class='ocrx_word' id='word_1_113' title='bbox 802 2125 842 2188; x_wconf 91' lang='lat' dir='ltr'><strong>ab</strong></span> <span class='ocrx_word' id='word_1_114' title='bbox 858 2109 915 2188; x_wconf 83' lang='lat' dir='ltr'><strong>illa</strong></span> <span class='ocrx_word' id='word_1_115' title='bbox 928 2114 1000 2208; x_wconf 83' lang='lat' dir='ltr'><strong>ipsa</strong></span> <span class='ocrx_word' id='word_1_116' title='bbox 1014 2148 1111 2208; x_wconf 92' lang='lat' dir='ltr'><strong>quam</strong></span> <span class='ocrx_word' id='word_1_117' title='bbox 1126 2126 1311 2188; x_wconf 86' lang='lat' dir='ltr'><strong>defenderat</strong></span> <span class='ocrx_word' id='word_1_118' title='bbox 1326 2148 1397 2189; x_wconf 91' lang='lat' dir='ltr'><strong>arce</strong></span> <span class='ocrx_word' id='word_1_119' title='bbox 1412 2126 1542 2190; x_wconf 91' lang='lat' dir='ltr'><strong>deiecit.</strong></span> 
     </span>
    </p>

    <p class='ocr_par' dir='ltr' id='par_1_4' title="bbox 460 2229 1651 2528">
     <span class='ocr_line' id='line_1_16' title="bbox 547 2229 1651 2315; baseline 0.001 -23"><span class='ocrx_word' id='word_1_120' title='bbox 547 2229 635 2293; x_wconf 87' lang='lat' dir='ltr'><strong>Talis</strong></span> <span class='ocrx_word' id='word_1_121' title='bbox 651 2230 738 2293; x_wconf 93' lang='lat' dir='ltr'><strong>domi</strong></span> <span class='ocrx_word' id='word_1_122' title='bbox 753 2253 790 2293; x_wconf 91' lang='lat' dir='ltr'><strong>ac</strong></span> <span class='ocrx_word' id='word_1_123' title='bbox 804 2230 901 2307; x_wconf 82' lang='lat' dir='ltr'><strong>foris,</strong></span> <span class='ocrx_word' id='word_1_124' title='bbox 927 2230 1000 2293; x_wconf 90' lang='lat' dir='ltr'><strong>talis</strong></span> <span class='ocrx_word' id='word_1_125' title='bbox 1022 2254 1101 2313; x_wconf 91' lang='lat' dir='ltr'><strong>pace</strong></span> <span class='ocrx_word' id='word_1_126' title='bbox 1121 2231 1269 2314; x_wconf 89' lang='lat' dir='ltr'><strong>belloque</strong></span> <span class='ocrx_word' id='word_1_127' title='bbox 1291 2233 1431 2315; x_wconf 85' lang='lat' dir='ltr'><strong>populus</strong></span> <span class='ocrx_word' id='word_1_128' title='bbox 1448 2235 1611 2296; x_wconf 88' lang='lat' dir='ltr'><strong>Romanus</strong></span> <span class='ocrx_word' id='word_1_129' title='bbox 1628 2245 1651 2294; x_wconf 86' lang='lat'><strong>15</strong></span> 
     </span>
     <span class='ocr_line' id='line_1_17' title="bbox 461 2335 1612 2420; baseline 0.003 -22"><span class='ocrx_word' id='word_1_130' title='bbox 461 2335 579 2398; x_wconf 87' lang='lat' dir='ltr'><strong>fretum</strong></span> <span class='ocrx_word' id='word_1_131' title='bbox 595 2335 678 2398; x_wconf 92' lang='lat' dir='ltr'><strong>illud</strong></span> <span class='ocrx_word' id='word_1_132' title='bbox 693 2335 942 2411; x_wconf 85' lang='lat' dir='ltr'><strong>adulescentiae,</strong></span> <span class='ocrx_word' id='word_1_133' title='bbox 959 2335 995 2398; x_wconf 92' lang='lat' dir='ltr'><strong>id</strong></span> <span class='ocrx_word' id='word_1_134' title='bbox 1009 2347 1058 2400; x_wconf 88' lang='lat' dir='ltr'><strong>est</strong></span> <span class='ocrx_word' id='word_1_135' title='bbox 1074 2338 1249 2400; x_wconf 89' lang='lat' dir='ltr'><strong>secundam</strong></span> <span class='ocrx_word' id='word_1_136' title='bbox 1263 2336 1390 2420; x_wconf 90' lang='lat' dir='ltr'><strong>imperii</strong></span> <span class='ocrx_word' id='word_1_137' title='bbox 1405 2349 1548 2402; x_wconf 84' lang='lat' dir='ltr'><strong>aetatem</strong></span> <span class='ocrx_word' id='word_1_138' title='bbox 1562 2340 1612 2401; x_wconf 93' lang='lat' dir='ltr'><strong>ha·</strong></span> 
     </span>
     <span class='ocr_line' id='line_1_18' title="bbox 460 2439 1609 2528; baseline 0.002 -25"><span class='ocrx_word' id='word_1_139' title='bbox 460 2439 545 2517; x_wconf 89' lang='lat' dir='ltr'><strong>buit,</strong></span> <span class='ocrx_word' id='word_1_140' title='bbox 561 2440 597 2504; x_wconf 90' lang='lat' dir='ltr'><strong>in</strong></span> <span class='ocrx_word' id='word_1_141' title='bbox 614 2463 679 2524; x_wconf 91' lang='lat' dir='ltr'><strong>qua</strong></span> <span class='ocrx_word' id='word_1_142' title='bbox 693 2451 795 2505; x_wconf 91' lang='lat' dir='ltr'><strong>totam</strong></span> <span class='ocrx_word' id='word_1_143' title='bbox 809 2440 894 2505; x_wconf 90' lang='lat' dir='ltr'><strong>inter</strong></span> <span class='ocrx_word' id='word_1_144' title='bbox 908 2442 1008 2523; x_wconf 89' lang='lat' dir='ltr'><strong>Alpes</strong></span> <span class='ocrx_word' id='word_1_145' title='bbox 1022 2441 1204 2525; x_wconf 86' lang='lat' dir='ltr'><strong>fretumque</strong></span> <span class='ocrx_word' id='word_1_146' title='bbox 1219 2441 1349 2506; x_wconf 89' lang='lat' dir='ltr'><strong>Italiam</strong></span> <span class='ocrx_word' id='word_1_147' title='bbox 1361 2444 1461 2509; x_wconf 87' lang='lat' dir='ltr'><strong>armis</strong></span> <span class='ocrx_word' id='word_1_148' title='bbox 1477 2443 1609 2528; x_wconf 86' lang='lat' dir='ltr'><strong>subegit.</strong></span> 
     </span>
    </p>
   </div>
   <div class='ocr_carea' id='block_1_3' title="bbox 647 2764 1441 2831">
    <p class='ocr_par' dir='ltr' id='par_1_5' title="bbox 647 2764 1441 2831">
     <span class='ocr_line' id='line_1_19' title="bbox 647 2764 1441 2831; baseline 0 -4"><span class='ocrx_word' id='word_1_149' title='bbox 647 2766 782 2830; x_wconf 87' lang='lat' dir='ltr'><strong>XVIII.</strong></span> <span class='ocrx_word' id='word_1_150' title='bbox 808 2764 994 2829; x_wconf 89' lang='lat' dir='ltr'>BELLVM</span> <span class='ocrx_word' id='word_1_151' title='bbox 1010 2766 1222 2831; x_wconf 87' lang='lat' dir='ltr'><strong>PVNICVM</strong></span> <span class='ocrx_word' id='word_1_152' title='bbox 1239 2766 1441 2831; x_wconf 88' lang='lat' dir='ltr'><strong>PRIMVM.</strong></span> 
     </span>
    </p>
   </div>
   <div class='ocr_carea' id='block_1_4' title="bbox 375 3017 1656 3741">
    <p class='ocr_par' dir='ltr' id='par_1_6' title="bbox 375 3017 1656 3741">
     <span class='ocr_line' id='line_1_20' title="bbox 375 3017 1615 3106; baseline -0.002 -19"><span class='ocrx_word' id='word_1_153' title='bbox 375 3046 416 3103; x_wconf 88' lang='lat'><strong>11,</strong></span> <span class='ocrx_word' id='word_1_154' title='bbox 436 3033 449 3087; x_wconf 94' lang='lat' dir='ltr'><strong>l</strong></span> <span class='ocrx_word' id='word_1_155' title='bbox 466 3018 598 3083; x_wconf 90' lang='lat' dir='ltr'><strong>Domita</strong></span> <span class='ocrx_word' id='word_1_156' title='bbox 613 3020 808 3102; x_wconf 82' lang='lat' dir='ltr'><strong>subactaque</strong></span> <span class='ocrx_word' id='word_1_157' title='bbox 824 3017 921 3082; x_wconf 91' lang='lat' dir='ltr'><strong>Italia</strong></span> <span class='ocrx_word' id='word_1_158' title='bbox 935 3022 1074 3102; x_wconf 88' lang='lat' dir='ltr'><strong>populus</strong></span> <span class='ocrx_word' id='word_1_159' title='bbox 1096 3020 1263 3083; x_wconf 90' lang='lat' dir='ltr'><strong>Romanus</strong></span> <span class='ocrx_word' id='word_1_160' title='bbox 1284 3041 1382 3103; x_wconf 89' lang='lat' dir='ltr'><strong>prope</strong></span> <span class='ocrx_word' id='word_1_161' title='bbox 1405 3021 1615 3106; x_wconf 89' lang='lat' dir='ltr'><strong>quingenten-</strong></span> 
     </span>
     <span class='ocr_line' id='line_1_21' title="bbox 462 3124 1656 3210; baseline -0.002 -21"><span class='ocrx_word' id='word_1_162' title='bbox 462 3125 581 3189; x_wconf 88' lang='lat' dir='ltr'><strong>simum</strong></span> <span class='ocrx_word' id='word_1_163' title='bbox 597 3148 720 3189; x_wconf 89' lang='lat' dir='ltr'><strong>annum</strong></span> <span class='ocrx_word' id='word_1_164' title='bbox 734 3147 832 3209; x_wconf 88' lang='lat' dir='ltr'><strong>agens</strong></span> <span class='ocrx_word' id='word_1_165' title='bbox 848 3147 923 3188; x_wconf 92' lang='lat' dir='ltr'><strong>cum</strong></span> <span class='ocrx_word' id='word_1_166' title='bbox 936 3126 1023 3188; x_wconf 90' lang='lat' dir='ltr'><strong>bona</strong></span> <span class='ocrx_word' id='word_1_167' title='bbox 1037 3127 1101 3188; x_wconf 89' lang='lat' dir='ltr'><strong>fide</strong></span> <span class='ocrx_word' id='word_1_168' title='bbox 1118 3124 1329 3202; x_wconf 88' lang='lat' dir='ltr'><strong>adoleuisset,</strong></span> <span class='ocrx_word' id='word_1_169' title='bbox 1347 3125 1375 3189; x_wconf 89' lang='lat' dir='ltr'><strong>si</strong></span> <span class='ocrx_word' id='word_1_170' title='bbox 1392 3130 1481 3210; x_wconf 93' lang='lat' dir='ltr'><strong>quod</strong></span> <span class='ocrx_word' id='word_1_171' title='bbox 1503 3140 1552 3193; x_wconf 89' lang='lat' dir='ltr'><strong>est</strong></span> <span class='ocrx_word' id='word_1_172' title='bbox 1572 3152 1615 3192; x_wconf 91' lang='lat' dir='ltr'><strong>ro·</strong></span> <span class='ocrx_word' id='word_1_173' title='bbox 1631 3138 1656 3188; x_wconf 78' lang='lat' dir='ltr'><strong>tc</strong></span> 
     </span>
     <span class='ocr_line' id='line_1_22' title="bbox 460 3230 1616 3318; baseline -0.001 -22"><span class='ocrx_word' id='word_1_174' title='bbox 460 3234 534 3309; x_wconf 92' lang='lat' dir='ltr'><strong>bur,</strong></span> <span class='ocrx_word' id='word_1_175' title='bbox 552 3232 579 3296; x_wconf 93' lang='lat' dir='ltr'><strong>si</strong></span> <span class='ocrx_word' id='word_1_176' title='bbox 595 3255 658 3315; x_wconf 91' lang='lat' dir='ltr'><strong>qua</strong></span> <span class='ocrx_word' id='word_1_177' title='bbox 673 3232 836 3308; x_wconf 89' lang='lat' dir='ltr'><strong>iuuentas,</strong></span> <span class='ocrx_word' id='word_1_178' title='bbox 854 3242 924 3295; x_wconf 93' lang='lat' dir='ltr'><strong>tum</strong></span> <span class='ocrx_word' id='word_1_179' title='bbox 935 3232 991 3295; x_wconf 93' lang='lat' dir='ltr'><strong>ille</strong></span> <span class='ocrx_word' id='word_1_180' title='bbox 1003 3253 1078 3294; x_wconf 89' lang='lat' dir='ltr'><strong>uere</strong></span> <span class='ocrx_word' id='word_1_181' title='bbox 1089 3231 1240 3294; x_wconf 88' lang='lat' dir='ltr'><strong>robustus</strong></span> <span class='ocrx_word' id='word_1_182' title='bbox 1252 3242 1285 3294; x_wconf 88' lang='lat' dir='ltr'><strong>et</strong></span> <span class='ocrx_word' id='word_1_183' title='bbox 1296 3230 1425 3295; x_wconf 88' lang='lat' dir='ltr'><strong>iuuenis</strong></span> <span class='ocrx_word' id='word_1_184' title='bbox 1439 3245 1473 3297; x_wconf 91' lang='lat' dir='ltr'><strong>et</strong></span> <span class='ocrx_word' id='word_1_185' title='bbox 1483 3258 1543 3318; x_wconf 88' lang='lat' dir='ltr'><strong>par</strong></span> <span class='ocrx_word' id='word_1_186' title='bbox 1554 3234 1616 3301; x_wconf 91' lang='lat' dir='ltr'><strong>orbi</strong></span> 
     </span>
     <span class='ocr_line' id='line_1_23' title="bbox 462 3335 1616 3423; baseline 0.001 -22"><span class='ocrx_word' id='word_1_187' title='bbox 462 3350 619 3402; x_wconf 88' lang='lat' dir='ltr'><strong>terrarum</strong></span> <span class='ocrx_word' id='word_1_188' title='bbox 634 3361 702 3402; x_wconf 87' lang='lat' dir='ltr'><strong>esse</strong></span> <span class='ocrx_word' id='word_1_189' title='bbox 726 3336 841 3421; x_wconf 91' lang='lat' dir='ltr'><strong>coepit.</strong></span> <span class='ocrx_word' id='word_1_190' title='bbox 865 3336 912 3399; x_wconf 90' lang='lat' dir='ltr'><strong>ita</strong></span> <span class='ocrx_word' id='word_1_191' title='bbox 933 3375 974 3384; x_wconf 91' lang='lat'><em>—</em></span> <span class='ocrx_word' id='word_1_192' title='bbox 997 3335 1117 3400; x_wconf 90' lang='lat' dir='ltr'><strong>mirum</strong></span> <span class='ocrx_word' id='word_1_193' title='bbox 1137 3347 1170 3400; x_wconf 88' lang='lat' dir='ltr'><strong>et</strong></span> <span class='ocrx_word' id='word_1_194' title='bbox 1192 3336 1379 3400; x_wconf 88' lang='lat' dir='ltr'><strong>incredibile</strong></span> <span class='ocrx_word' id='word_1_195' title='bbox 1401 3338 1551 3413; x_wconf 84' lang='lat' dir='ltr'><strong>dietu-</strong></span> <span class='ocrx_word' id='word_1_196' title='bbox 1568 3338 1616 3423; x_wconf 93' lang='lat' dir='ltr'><strong>qui</strong></span> 
     </span>
     <span class='ocr_line' id='line_1_24' title="bbox 461 3442 1617 3529; baseline -0.003 -21"><span class='ocrx_word' id='word_1_197' title='bbox 461 3467 559 3529; x_wconf 88' lang='lat' dir='ltr'><strong>prope</strong></span> <span class='ocrx_word' id='word_1_198' title='bbox 575 3443 760 3529; x_wconf 89' lang='lat' dir='ltr'><strong>quingentis</strong></span> <span class='ocrx_word' id='word_1_199' title='bbox 777 3442 871 3507; x_wconf 89' lang='lat' dir='ltr'><strong>annis</strong></span> <span class='ocrx_word' id='word_1_200' title='bbox 894 3442 981 3506; x_wconf 92' lang='lat' dir='ltr'><strong>domi</strong></span> <span class='ocrx_word' id='word_1_201' title='bbox 995 3443 1138 3507; x_wconf 89' lang='lat' dir='ltr'><strong>luctatus</strong></span> <span class='ocrx_word' id='word_1_202' title='bbox 1154 3453 1260 3507; x_wconf 89' lang='lat' dir='ltr'><strong>est-</strong></span> <span class='ocrx_word' id='word_1_203' title='bbox 1275 3445 1355 3506; x_wconf 87' lang='lat' dir='ltr'><strong>adeo</strong></span> <span class='ocrx_word' id='word_1_204' title='bbox 1370 3443 1503 3507; x_wconf 88' lang='lat' dir='ltr'><strong>difficile</strong></span> <span class='ocrx_word' id='word_1_205' title='bbox 1518 3445 1617 3508; x_wconf 86' lang='lat' dir='ltr'><strong>fuerat</strong></span> 
     </span>
     <span class='ocr_line' id='line_1_25' title="bbox 463 3548 1617 3634; baseline -0.002 -20"><span class='ocrx_word' id='word_1_206' title='bbox 463 3554 538 3616; x_wconf 93' lang='lat' dir='ltr'><strong>dare</strong></span> <span class='ocrx_word' id='word_1_207' title='bbox 553 3552 669 3615; x_wconf 90' lang='lat' dir='ltr'><strong>Italiae</strong></span> <span class='ocrx_word' id='word_1_208' title='bbox 685 3561 782 3634; x_wconf 87' lang='lat' dir='ltr'><strong>caput</strong></span> <span class='ocrx_word' id='word_1_209' title='bbox 801 3588 845 3597; x_wconf 90' lang='lat'>—</span> <span class='ocrx_word' id='word_1_210' title='bbox 859 3548 911 3612; x_wconf 87' lang='lat' dir='ltr'><strong>his</strong></span> <span class='ocrx_word' id='word_1_211' title='bbox 933 3548 1081 3612; x_wconf 83' lang='lat' dir='ltr'><strong>ducentis</strong></span> <span class='ocrx_word' id='word_1_212' title='bbox 1104 3549 1197 3613; x_wconf 85' lang='lat' dir='ltr'><strong>anms</strong></span> <span class='ocrx_word' id='word_1_213' title='bbox 1221 3548 1277 3632; x_wconf 92' lang='lat' dir='ltr'><strong>qui</strong></span> <span class='ocrx_word' id='word_1_214' title='bbox 1299 3561 1455 3613; x_wconf 89' lang='lat' dir='ltr'><strong>secuntur</strong></span> <span class='ocrx_word' id='word_1_215' title='bbox 1479 3551 1617 3615; x_wconf 85' lang='lat' dir='ltr'><strong>Africam</strong></span> 
     </span>
     <span class='ocr_line' id='line_1_26' title="bbox 462 3638 1656 3741; baseline -0.005 -20"><span class='ocrx_word' id='word_1_216' title='bbox 462 3660 626 3741; x_wconf 88' lang='lat' dir='ltr'><strong>Europam</strong></span> <span class='ocrx_word' id='word_1_217' title='bbox 640 3656 764 3733; x_wconf 88' lang='lat' dir='ltr'><strong>Asiam,</strong></span> <span class='ocrx_word' id='word_1_218' title='bbox 780 3664 888 3720; x_wconf 91' lang='lat' dir='ltr'><strong>totum</strong></span> <span class='ocrx_word' id='word_1_219' title='bbox 903 3654 1041 3737; x_wconf 90' lang='lat' dir='ltr'><strong>denique</strong></span> <span class='ocrx_word' id='word_1_220' title='bbox 1057 3657 1166 3719; x_wconf 90' lang='lat' dir='ltr'><strong>orbem</strong></span> <span class='ocrx_word' id='word_1_221' title='bbox 1181 3666 1337 3720; x_wconf 90' lang='lat' dir='ltr'><strong>terrarum</strong></span> <span class='ocrx_word' id='word_1_222' title='bbox 1351 3638 1447 3723; x_wconf 86' lang='lat' dir='ltr'><strong>bellis</strong></span> <span class='ocrx_word' id='word_1_223' title='bbox 1464 3656 1616 3723; x_wconf 88' lang='lat' dir='ltr'><strong>uictoriis-</strong></span> <span class='ocrx_word' id='word_1_224' title='bbox 1632 3664 1656 3715; x_wconf 77' lang='lat' dir='ltr'><strong>tt</strong></span> 
     </span>
    </p>
   </div>
   <div class='ocr_carea' id='block_1_5' title="bbox 463 3763 835 3849">
    <p class='ocr_par' dir='ltr' id='par_1_7' title="bbox 463 3763 835 3849">
     <span class='ocr_line' id='line_1_27' title="bbox 463 3763 835 3849; baseline 0 -23"><span class='ocrx_word' id='word_1_225' title='bbox 463 3785 525 3845; x_wconf 91' lang='lat' dir='ltr'><strong>que</strong></span> <span class='ocrx_word' id='word_1_226' title='bbox 538 3763 732 3847; x_wconf 89' lang='lat' dir='ltr'><strong>peragrauit.</strong></span> <span class='ocrx_word' id='word_1_227' title='bbox 832 3844 835 3849; x_wconf 86' lang='lat'><strong>.</strong></span> 
     </span>
    </p>
   </div>
   <div class='ocr_carea' id='block_1_6' title="bbox 460 4118 1616 4737">
    <p class='ocr_par' dir='ltr' id='par_1_8' title="bbox 460 4118 1616 4737">
     <span class='ocr_line' id='line_1_28' title="bbox 465 4118 1610 4191; baseline 0.005 -23"><span class='ocrx_word' id='word_1_228' title='bbox 465 4119 476 4168; x_wconf 92' lang='lat'>1</span> <span class='ocrx_word' id='word_1_229' title='bbox 491 4124 587 4170; x_wconf 87' lang='lat' dir='ltr'><strong>nactus</strong></span> <span class='ocrx_word' id='word_1_230' title='bbox 598 4129 626 4181; x_wconf 84' lang='lat' dir='ltr'><strong>B,</strong></span> <span class='ocrx_word' id='word_1_231' title='bbox 640 4123 876 4171; x_wconf 87' lang='lat' dir='ltr'><strong>nanctusnauctus</strong></span> <span class='ocrx_word' id='word_1_232' title='bbox 888 4131 913 4172; x_wconf 98' lang='lat' dir='ltr'><em>N</em></span> <span class='ocrx_word' id='word_1_233' title='bbox 924 4119 932 4189; x_wconf 69' lang='grc' dir='ltr'><em>Η</em></span> <span class='ocrx_word' id='word_1_234' title='bbox 945 4119 1134 4188; x_wconf 86' lang='lat' dir='ltr'><strong>magistratum</strong></span> <span class='ocrx_word' id='word_1_235' title='bbox 1140 4123 1286 4183; x_wconf 77' lang='lat' dir='ltr'><strong>BN(corr2</strong></span> <span class='ocrx_word' id='word_1_236' title='bbox 1294 4126 1338 4184; x_wconf 87' lang='lat' dir='ltr'><strong>m)</strong></span> <span class='ocrx_word' id='word_1_237' title='bbox 1351 4120 1360 4189; x_wconf 81' lang='grc' dir='ltr'><strong>ΙΙ</strong></span> <span class='ocrx_word' id='word_1_238' title='bbox 1375 4124 1390 4172; x_wconf 85' lang='lat'>3</span> <span class='ocrx_word' id='word_1_239' title='bbox 1402 4120 1432 4173; x_wconf 90' lang='lat' dir='ltr'><strong>in</strong></span> <span class='ocrx_word' id='word_1_240' title='bbox 1445 4121 1489 4174; x_wconf 86' lang='lat' dir='ltr'><strong>his</strong></span> <span class='ocrx_word' id='word_1_241' title='bbox 1501 4121 1594 4191; x_wconf 88' lang='lat' dir='ltr'><strong>ipsisN</strong></span> <span class='ocrx_word' id='word_1_242' title='bbox 1602 4118 1610 4186; x_wconf 75' lang='lat' dir='ltr'><strong>ll</strong></span> 
     </span>
     <span class='ocr_line' id='line_1_29' title="bbox 462 4202 1616 4277; baseline -0.001 -22"><span class='ocrx_word' id='word_1_243' title='bbox 462 4202 595 4256; x_wconf 85' lang='lat' dir='ltr'><strong>immerito</strong></span> <span class='ocrx_word' id='word_1_244' title='bbox 606 4214 632 4255; x_wconf 94' lang='lat' dir='ltr'><em>N</em></span> <span class='ocrx_word' id='word_1_245' title='bbox 647 4202 657 4272; x_wconf 82' lang='lat' dir='ltr'><strong>l</strong></span> <span class='ocrx_word' id='word_1_246' title='bbox 670 4205 686 4254; x_wconf 90' lang='grc'>4</span> <span class='ocrx_word' id='word_1_247' title='bbox 698 4202 850 4256; x_wconf 85' lang='lat' dir='ltr'><strong>libertatem</strong></span> <span class='ocrx_word' id='word_1_248' title='bbox 862 4222 934 4257; x_wconf 87' lang='lat' dir='ltr'><strong>nunc</strong></span> <span class='ocrx_word' id='word_1_249' title='bbox 946 4222 988 4256; x_wconf 87' lang='lat' dir='ltr'><strong>om</strong></span> <span class='ocrx_word' id='word_1_250' title='bbox 1003 4217 1022 4257; x_wconf 82' lang='lat' dir='ltr'><em>B</em></span> <span class='ocrx_word' id='word_1_251' title='bbox 1035 4204 1044 4275; x_wconf 69' lang='lat' dir='ltr'><strong>ll</strong></span> <span class='ocrx_word' id='word_1_252' title='bbox 1057 4208 1072 4256; x_wconf 85' lang='lat'>5</span> <span class='ocrx_word' id='word_1_253' title='bbox 1086 4211 1146 4257; x_wconf 92' lang='lat' dir='ltr'><strong>tum</strong></span> <span class='ocrx_word' id='word_1_254' title='bbox 1157 4212 1219 4258; x_wconf 77' lang='lat' dir='ltr'><strong>ante</strong></span> <span class='ocrx_word' id='word_1_255' title='bbox 1230 4205 1364 4258; x_wconf 89' lang='lat' dir='ltr'><strong>honorum</strong></span> <span class='ocrx_word' id='word_1_256' title='bbox 1376 4223 1419 4257; x_wconf 86' lang='lat' dir='ltr'><strong>om</strong></span> <span class='ocrx_word' id='word_1_257' title='bbox 1429 4219 1457 4259; x_wconf 93' lang='lat' dir='ltr'><em>N</em></span> <span class='ocrx_word' id='word_1_258' title='bbox 1471 4206 1481 4277; x_wconf 84' lang='lat' dir='ltr'><strong>l</strong></span> <span class='ocrx_word' id='word_1_259' title='bbox 1505 4210 1520 4260; x_wconf 87' lang='lat'>6</span> <span class='ocrx_word' id='word_1_260' title='bbox 1534 4206 1616 4258; x_wconf 85' lang='lat' dir='ltr'><strong>nullus</strong></span> 
     </span>
     <span class='ocr_line' id='line_1_30' title="bbox 460 4288 1612 4362; baseline -0.002 -19"><span class='ocrx_word' id='word_1_261' title='bbox 460 4303 481 4343; x_wconf 80' lang='grc' dir='ltr'><em>Β</em></span> <span class='ocrx_word' id='word_1_262' title='bbox 493 4292 502 4361; x_wconf 68' lang='lat' dir='ltr'><strong>{l</strong></span> <span class='ocrx_word' id='word_1_263' title='bbox 517 4293 566 4342; x_wconf 81' lang='lat' dir='ltr'><strong>&#39;let</strong></span> <span class='ocrx_word' id='word_1_264' title='bbox 578 4289 607 4341; x_wconf 93' lang='lat' dir='ltr'><strong>in</strong></span> <span class='ocrx_word' id='word_1_265' title='bbox 619 4300 743 4358; x_wconf 82' lang='lat' dir='ltr'><strong>magnoB</strong></span> <span class='ocrx_word' id='word_1_266' title='bbox 756 4288 765 4357; x_wconf 81' lang='lat' dir='ltr'><strong>l</strong></span> <span class='ocrx_word' id='word_1_267' title='bbox 780 4290 809 4340; x_wconf 91' lang='lat'><strong>11</strong></span> <span class='ocrx_word' id='word_1_268' title='bbox 819 4288 908 4358; x_wconf 90' lang='lat' dir='ltr'><strong>quinti</strong></span> <span class='ocrx_word' id='word_1_269' title='bbox 919 4301 944 4341; x_wconf 92' lang='lat' dir='ltr'><em>N</em></span> <span class='ocrx_word' id='word_1_270' title='bbox 954 4290 963 4359; x_wconf 69' lang='lat' dir='ltr'><strong>l}</strong></span> <span class='ocrx_word' id='word_1_271' title='bbox 980 4292 1009 4341; x_wconf 83' lang='lat'><strong>12</strong></span> <span class='ocrx_word' id='word_1_272' title='bbox 1017 4289 1157 4343; x_wconf 88' lang='lat' dir='ltr'><strong>seruilium</strong></span> <span class='ocrx_word' id='word_1_273' title='bbox 1170 4291 1186 4341; x_wconf 85' lang='lat' dir='ltr'><strong>b</strong></span> <span class='ocrx_word' id='word_1_274' title='bbox 1199 4290 1207 4360; x_wconf 82' lang='lat' dir='ltr'><strong>l</strong></span> <span class='ocrx_word' id='word_1_275' title='bbox 1220 4289 1299 4342; x_wconf 87' lang='lat' dir='ltr'><strong>ahala</strong></span> <span class='ocrx_word' id='word_1_276' title='bbox 1312 4289 1360 4342; x_wconf 79' lang='lat' dir='ltr'><strong>dN:</strong></span> <span class='ocrx_word' id='word_1_277' title='bbox 1374 4290 1484 4344; x_wconf 80' lang='lat' dir='ltr'><strong>abaluN</strong></span> <span class='ocrx_word' id='word_1_278' title='bbox 1497 4292 1507 4362; x_wconf 67' lang='lat' dir='ltr'><strong>ll</strong></span> <span class='ocrx_word' id='word_1_279' title='bbox 1521 4291 1612 4361; x_wconf 87' lang='lat' dir='ltr'><strong>capito-</strong></span> 
     </span>
     <span class='ocr_line' id='line_1_31' title="bbox 461 4371 1610 4447; baseline -0.003 -17"><span class='ocrx_word' id='word_1_280' title='bbox 461 4377 529 4431; x_wconf 92' lang='lat' dir='ltr'><strong>lium</strong></span> <span class='ocrx_word' id='word_1_281' title='bbox 539 4388 558 4428; x_wconf 80' lang='grc' dir='ltr'><em>Β</em></span> <span class='ocrx_word' id='word_1_282' title='bbox 572 4374 580 4445; x_wconf 67' lang='lat' dir='ltr'><strong>l}</strong></span> <span class='ocrx_word' id='word_1_283' title='bbox 596 4377 626 4427; x_wconf 87' lang='lat'><strong>13</strong></span> <span class='ocrx_word' id='word_1_284' title='bbox 639 4372 801 4426; x_wconf 89' lang='lat' dir='ltr'><strong>liberaberat</strong></span> <span class='ocrx_word' id='word_1_285' title='bbox 812 4385 837 4425; x_wconf 92' lang='lat' dir='ltr'><em>N</em></span> <span class='ocrx_word' id='word_1_286' title='bbox 847 4373 856 4443; x_wconf 72' lang='lat' dir='ltr'><strong>ll</strong></span> <span class='ocrx_word' id='word_1_287' title='bbox 869 4373 955 4427; x_wconf 89' lang='lat' dir='ltr'><strong>alcius</strong></span> <span class='ocrx_word' id='word_1_288' title='bbox 967 4393 995 4427; x_wconf 88' lang='lat' dir='ltr'><strong>se</strong></span> <span class='ocrx_word' id='word_1_289' title='bbox 1003 4382 1030 4428; x_wconf 91' lang='lat' dir='ltr'><strong>et</strong></span> <span class='ocrx_word' id='word_1_290' title='bbox 1036 4374 1174 4428; x_wconf 88' lang='lat' dir='ltr'><strong>inciuilius</strong></span> <span class='ocrx_word' id='word_1_291' title='bbox 1187 4376 1373 4429; x_wconf 83' lang='lat' dir='ltr'><strong>efferentemN</strong></span> <span class='ocrx_word' id='word_1_292' title='bbox 1383 4376 1392 4447; x_wconf 82' lang='grc' dir='ltr'><strong>ΙΙ</strong></span> <span class='ocrx_word' id='word_1_293' title='bbox 1408 4378 1439 4428; x_wconf 88' lang='grc'><strong>14</strong></span> <span class='ocrx_word' id='word_1_294' title='bbox 1453 4376 1513 4446; x_wconf 88' lang='lat' dir='ltr'><strong>ipsa</strong></span> <span class='ocrx_word' id='word_1_295' title='bbox 1525 4394 1566 4427; x_wconf 88' lang='lat' dir='ltr'><strong>om</strong></span> <span class='ocrx_word' id='word_1_296' title='bbox 1573 4385 1594 4427; x_wconf 90' lang='lat' dir='ltr'><em>N</em></span> <span class='ocrx_word' id='word_1_297' title='bbox 1602 4371 1610 4439; x_wconf 83' lang='lat' dir='ltr'><strong>l</strong></span> 
     </span>
     <span class='ocr_line' id='line_1_32' title="bbox 465 4462 1608 4533; baseline -0.002 -4"><span class='ocrx_word' id='word_1_298' title='bbox 465 4480 493 4530; x_wconf 77' lang='grc' dir='ltr'>Π</span> <span class='ocrx_word' id='word_1_299' title='bbox 513 4492 541 4532; x_wconf 78' lang='lat'><strong>1.·</strong></span> <span class='ocrx_word' id='word_1_300' title='bbox 556 4466 596 4531; x_wconf 65' lang='lat' dir='ltr'><em>N</em></span> <span class='ocrx_word' id='word_1_301' title='bbox 607 4464 660 4532; x_wconf 73' lang='lat' dir='ltr'><strong>rii</strong></span> <span class='ocrx_word' id='word_1_302' title='bbox 672 4465 759 4532; x_wconf 68' lang='lat' dir='ltr'><strong>riom</strong></span> <span class='ocrx_word' id='word_1_303' title='bbox 771 4462 950 4531; x_wconf 53' lang='lat' dir='ltr'><strong>mironio-u</strong></span> <span class='ocrx_word' id='word_1_304' title='bbox 967 4466 1033 4533; x_wconf 76' lang='lat' dir='ltr'><strong>mio</strong></span> <span class='ocrx_word' id='word_1_305' title='bbox 1045 4466 1129 4532; x_wconf 70' lang='lat' dir='ltr'><strong>iimo</strong></span> <span class='ocrx_word' id='word_1_306' title='bbox 1145 4467 1251 4531; x_wconf 62' lang='lat' dir='ltr'><strong>Ixrrr‘c</strong></span> <span class='ocrx_word' id='word_1_307' title='bbox 1269 4466 1319 4532; x_wconf 77' lang='lat' dir='ltr'><strong>nin</strong></span> <span class='ocrx_word' id='word_1_308' title='bbox 1337 4490 1359 4530; x_wconf 86' lang='lat'><strong>1·</strong></span> <span class='ocrx_word' id='word_1_309' title='bbox 1376 4467 1496 4533; x_wconf 67' lang='lat' dir='ltr'><strong>&#39;rucinia</strong></span> <span class='ocrx_word' id='word_1_310' title='bbox 1513 4466 1563 4532; x_wconf 69' lang='lat' dir='ltr'><strong>u&#39;ra</strong></span> <span class='ocrx_word' id='word_1_311' title='bbox 1579 4462 1608 4527; x_wconf 66' lang='lat' dir='ltr'><strong>n</strong></span> 
     </span>
     <span class='ocr_line' id='line_1_33' title="bbox 463 4567 1609 4651; baseline -0.003 -19"><span class='ocrx_word' id='word_1_312' title='bbox 463 4567 618 4633; x_wconf 56' lang='lat' dir='ltr'><strong>subdubia</strong></span> <span class='ocrx_word' id='word_1_313' title='bbox 628 4592 653 4633; x_wconf 90' lang='lat' dir='ltr'><em>N</em></span> <span class='ocrx_word' id='word_1_314' title='bbox 670 4580 678 4650; x_wconf 83' lang='grc' dir='ltr'><strong>ΙΙ</strong></span> <span class='ocrx_word' id='word_1_315' title='bbox 698 4583 729 4633; x_wconf 88' lang='grc'><strong>19</strong></span> <span class='ocrx_word' id='word_1_316' title='bbox 742 4579 1000 4651; x_wconf 84' lang='lat' dir='ltr'><strong>quingentissimum</strong></span> <span class='ocrx_word' id='word_1_317' title='bbox 1011 4593 1036 4633; x_wconf 92' lang='lat' dir='ltr'><em>N</em></span> <span class='ocrx_word' id='word_1_318' title='bbox 1046 4582 1055 4651; x_wconf 72' lang='lat' dir='ltr'>fl</span> <span class='ocrx_word' id='word_1_319' title='bbox 1069 4585 1101 4634; x_wconf 83' lang='lat'><strong>20</strong></span> <span class='ocrx_word' id='word_1_320' title='bbox 1114 4582 1137 4633; x_wconf 88' lang='lat' dir='ltr'><strong>si</strong></span> <span class='ocrx_word' id='word_1_321' title='bbox 1150 4598 1204 4650; x_wconf 93' lang='lat' dir='ltr'><strong>quo</strong></span> <span class='ocrx_word' id='word_1_322' title='bbox 1215 4580 1259 4650; x_wconf 66' lang='lat' dir='ltr'><strong>Nl</strong></span> <span class='ocrx_word' id='word_1_323' title='bbox 1273 4584 1303 4633; x_wconf 89' lang='grc'><strong>21</strong></span> <span class='ocrx_word' id='word_1_324' title='bbox 1318 4580 1401 4633; x_wconf 88' lang='lat' dir='ltr'><strong>robor</strong></span> <span class='ocrx_word' id='word_1_325' title='bbox 1414 4581 1429 4632; x_wconf 85' lang='lat' dir='ltr'><strong>b</strong></span> <span class='ocrx_word' id='word_1_326' title='bbox 1443 4580 1453 4651; x_wconf 81' lang='lat' dir='ltr'><strong>l</strong></span> <span class='ocrx_word' id='word_1_327' title='bbox 1466 4588 1494 4634; x_wconf 91' lang='lat' dir='ltr'><strong>et</strong></span> <span class='ocrx_word' id='word_1_328' title='bbox 1506 4586 1567 4633; x_wconf 80' lang='lat' dir='ltr'><strong>onte</strong></span> <span class='ocrx_word' id='word_1_329' title='bbox 1577 4580 1609 4630; x_wconf 90' lang='lat' dir='ltr'><strong>iu-</strong></span> 
     </span>
     <span class='ocr_line' id='line_1_34' title="bbox 463 4659 1608 4737; baseline 0.001 -21"><span class='ocrx_word' id='word_1_330' title='bbox 463 4665 540 4717; x_wconf 86' lang='lat' dir='ltr'><strong>uenis</strong></span> <span class='ocrx_word' id='word_1_331' title='bbox 552 4678 620 4718; x_wconf 71' lang='lat' dir='ltr'><strong>ema</strong></span> <span class='ocrx_word' id='word_1_332' title='bbox 633 4664 641 4734; x_wconf 71' lang='lat' dir='ltr'><strong>ll</strong></span> <span class='ocrx_word' id='word_1_333' title='bbox 655 4667 718 4720; x_wconf 90' lang='lat' dir='ltr'><strong>orbe</strong></span> <span class='ocrx_word' id='word_1_334' title='bbox 724 4678 768 4720; x_wconf 78' lang='lat' dir='ltr'><strong>BN</strong></span> <span class='ocrx_word' id='word_1_335' title='bbox 779 4665 787 4735; x_wconf 72' lang='grc' dir='ltr'>Η</span> <span class='ocrx_word' id='word_1_336' title='bbox 801 4670 833 4719; x_wconf 87' lang='grc'><strong>22</strong></span> <span class='ocrx_word' id='word_1_337' title='bbox 846 4666 893 4737; x_wconf 93' lang='lat' dir='ltr'><strong>qui</strong></span> <span class='ocrx_word' id='word_1_338' title='bbox 906 4683 947 4719; x_wconf 87' lang='lat' dir='ltr'><strong>om</strong></span> <span class='ocrx_word' id='word_1_339' title='bbox 959 4680 979 4719; x_wconf 81' lang='lat' dir='ltr'><em>B</em></span> <span class='ocrx_word' id='word_1_340' title='bbox 991 4668 1000 4736; x_wconf 70' lang='lat' dir='ltr'><strong>ll</strong></span> <span class='ocrx_word' id='word_1_341' title='bbox 1015 4672 1047 4721; x_wconf 85' lang='grc'><strong>23</strong></span> <span class='ocrx_word' id='word_1_342' title='bbox 1061 4666 1135 4721; x_wconf 91' lang='lat' dir='ltr'><strong>domi</strong></span> <span class='ocrx_word' id='word_1_343' title='bbox 1143 4696 1172 4706; x_wconf 91' lang='lat'><em>-</em></span> <span class='ocrx_word' id='word_1_344' title='bbox 1183 4666 1260 4719; x_wconf 88' lang='lat' dir='ltr'><strong>anuis</strong></span> <span class='ocrx_word' id='word_1_345' title='bbox 1267 4684 1309 4719; x_wconf 84' lang='lat' dir='ltr'><strong>om</strong></span> <span class='ocrx_word' id='word_1_346' title='bbox 1316 4678 1341 4718; x_wconf 93' lang='lat' dir='ltr'><em>N</em></span> <span class='ocrx_word' id='word_1_347' title='bbox 1352 4666 1360 4736; x_wconf 74' lang='grc' dir='ltr'>Η</span> <span class='ocrx_word' id='word_1_348' title='bbox 1374 4669 1406 4719; x_wconf 79' lang='grc'><strong>24</strong></span> <span class='ocrx_word' id='word_1_349' title='bbox 1414 4673 1567 4737; x_wconf 84' lang='lat' dir='ltr'><strong>sequuntur</strong></span> <span class='ocrx_word' id='word_1_350' title='bbox 1575 4659 1608 4726; x_wconf 71' lang='lat' dir='ltr'><strong>tl</strong></span> 
     </span>
    </p>
   </div>
   <div class='ocr_carea' id='block_1_7' title="bbox 0 0 1923 5534">
    <p class='ocr_par' dir='ltr' id='par_1_9' title="bbox 0 0 1923 5534">
     <span class='ocr_line' id='line_1_35' title="bbox 0 0 1923 5534; baseline 0 0"><span class='ocrx_word' id='word_1_351' title='bbox 0 0 1923 5534; x_wconf 95' lang='lat' dir='ltr'><strong> </strong></span> 
     </span>
    </p>
   </div>
  </div>
 </body>
</html>
