<?xml version="1.0" encoding="UTF-8"?>
<!DOCTYPE html PUBLIC "-//W3C//DTD XHTML 1.0 Transitional//EN"
    "http://www.w3.org/TR/xhtml1/DTD/xhtml1-transitional.dtd">
<html xmlns="http://www.w3.org/1999/xhtml" xml:lang="en" lang="en">
 <head>
  <title>
</title>
<meta http-equiv="Content-Type" content="text/html;charset=utf-8" />
  <meta name='ocr-system' content='tesseract 3.04.00' />
  <meta name='ocr-capabilities' content='ocr_page ocr_carea ocr_par ocr_line ocrx_word'/>
</head>
<body>
  <div class='ocr_page' id='page_1' title='image "./iulifloriepitom00florgoog_0038.png"; bbox 0 0 3809 5534; ppageno 0'>
   <div class='ocr_carea' id='block_1_1' title="bbox 453 599 1264 655">
    <p class='ocr_par' dir='ltr' id='par_1_1' title="bbox 453 599 1264 655">
     <span class='ocr_line' id='line_1_1' title="bbox 453 599 1264 655; baseline -0.001 0"><span class='ocrx_word' id='word_1_1' title='bbox 453 599 574 655; x_wconf 85' lang='lat' dir='ltr'>XXXII</span> <span class='ocrx_word' id='word_1_2' title='bbox 936 607 1132 652; x_wconf 77' lang='lat' dir='ltr'><strong>rmarsmo.</strong></span> <span class='ocrx_word' id='word_1_3' title='bbox 1255 635 1264 654; x_wconf 85' lang='lat'><strong>.</strong></span> 
     </span>
    </p>
   </div>
   <div class='ocr_carea' id='block_1_2' title="bbox 396 755 1621 4722">
    <p class='ocr_par' dir='ltr' id='par_1_2' title="bbox 453 755 1621 1578">
     <span class='ocr_line' id='line_1_2' title="bbox 453 755 1616 846; baseline -0.004 -21"><span class='ocrx_word' id='word_1_4' title='bbox 453 784 518 846; x_wconf 80' lang='lat' dir='ltr'><strong>qua</strong></span> <span class='ocrx_word' id='word_1_5' title='bbox 531 761 566 824; x_wconf 91' lang='lat' dir='ltr'><strong>in</strong></span> <span class='ocrx_word' id='word_1_6' title='bbox 581 758 752 842; x_wconf 86' lang='lat' dir='ltr'><strong>archetypo</strong></span> <span class='ocrx_word' id='word_1_7' title='bbox 767 779 825 822; x_wconf 91' lang='lat' dir='ltr'><strong>suo</strong></span> <span class='ocrx_word' id='word_1_8' title='bbox 839 755 967 820; x_wconf 86' lang='lat' dir='ltr'><strong>inuenit</strong></span> <span class='ocrx_word' id='word_1_9' title='bbox 981 779 1038 833; x_wconf 81' lang='lat' dir='ltr'><strong>eu,</strong></span> <span class='ocrx_word' id='word_1_10' title='bbox 1063 767 1101 819; x_wconf 90' lang='lat' dir='ltr'><strong>ut</strong></span> <span class='ocrx_word' id='word_1_11' title='bbox 1122 758 1346 821; x_wconf 87' lang='lat' dir='ltr'><strong>demonstrant</strong></span> <span class='ocrx_word' id='word_1_12' title='bbox 1353 766 1511 821; x_wconf 63' lang='lat' dir='ltr'><strong>secamur</strong></span> <span class='ocrx_word' id='word_1_13' title='bbox 1524 779 1547 841; x_wconf 93' lang='lat' dir='ltr'><strong>p</strong></span> <span class='ocrx_word' id='word_1_14' title='bbox 1564 764 1616 835; x_wconf 85' lang='grc'><strong>46,</strong></span> 
     </span>
     <span class='ocr_line' id='line_1_3' title="bbox 454 862 1620 946; baseline -0.002 -17"><span class='ocrx_word' id='word_1_15' title='bbox 454 873 507 941; x_wconf 83' lang='grc'><strong>20,</strong></span> <span class='ocrx_word' id='word_1_16' title='bbox 524 865 641 929; x_wconf 77' lang='lat' dir='ltr'><strong>oblicus</strong></span> <span class='ocrx_word' id='word_1_17' title='bbox 656 886 679 946; x_wconf 92' lang='lat' dir='ltr'><strong>p</strong></span> <span class='ocrx_word' id='word_1_18' title='bbox 694 869 748 939; x_wconf 78' lang='grc'><strong>95,</strong></span> <span class='ocrx_word' id='word_1_19' title='bbox 769 869 819 938; x_wconf 84' lang='grc'><strong>15,</strong></span> <span class='ocrx_word' id='word_1_20' title='bbox 843 883 931 925; x_wconf 73' lang='lat' dir='ltr'><strong>eciem</strong></span> <span class='ocrx_word' id='word_1_21' title='bbox 945 872 983 925; x_wconf 91' lang='lat' dir='ltr'><strong>ut</strong></span> <span class='ocrx_word' id='word_1_22' title='bbox 998 884 1016 923; x_wconf 90' lang='lat' dir='ltr'><strong>e</strong></span> <span class='ocrx_word' id='word_1_23' title='bbox 1030 862 1176 945; x_wconf 84' lang='lat' dir='ltr'><strong>uestigiis</strong></span> <span class='ocrx_word' id='word_1_24' title='bbox 1198 873 1331 946; x_wconf 83' lang='lat' dir='ltr'><strong>apparat</strong></span> <span class='ocrx_word' id='word_1_25' title='bbox 1351 883 1374 945; x_wconf 92' lang='lat' dir='ltr'>p</span> <span class='ocrx_word' id='word_1_26' title='bbox 1391 870 1451 939; x_wconf 77' lang='lat'><strong>⁷4,</strong></span> <span class='ocrx_word' id='word_1_27' title='bbox 1472 872 1501 926; x_wconf 88' lang='lat'><strong>1.</strong></span> <span class='ocrx_word' id='word_1_28' title='bbox 1526 863 1563 925; x_wconf 92' lang='lat' dir='ltr'><strong>in</strong></span> <span class='ocrx_word' id='word_1_29' title='bbox 1583 886 1620 927; x_wconf 89' lang='lat' dir='ltr'><strong>eo</strong></span> 
     </span>
     <span class='ocr_line' id='line_1_4' title="bbox 453 966 1620 1050; baseline -0.003 -16"><span class='ocrx_word' id='word_1_30' title='bbox 453 971 536 1035; x_wconf 90' lang='lat' dir='ltr'><strong>libro</strong></span> <span class='ocrx_word' id='word_1_31' title='bbox 550 971 637 1034; x_wconf 89' lang='lat' dir='ltr'><strong>unde</strong></span> <span class='ocrx_word' id='word_1_32' title='bbox 651 976 681 1032; x_wconf 89' lang='lat' dir='ltr'><em>B</em></span> <span class='ocrx_word' id='word_1_33' title='bbox 697 968 860 1035; x_wconf 86' lang='lat' dir='ltr'><strong>deriuatus</strong></span> <span class='ocrx_word' id='word_1_34' title='bbox 876 977 926 1030; x_wconf 88' lang='lat' dir='ltr'><strong>est</strong></span> <span class='ocrx_word' id='word_1_35' title='bbox 939 966 1046 1049; x_wconf 85' lang='lat' dir='ltr'><strong>potius</strong></span> <span class='ocrx_word' id='word_1_36' title='bbox 1068 988 1129 1049; x_wconf 75' lang='lat' dir='ltr'><strong>qao</strong></span> <span class='ocrx_word' id='word_1_37' title='bbox 1151 967 1311 1050; x_wconf 81' lang='lat' dir='ltr'><strong>scriptum</strong></span> <span class='ocrx_word' id='word_1_38' title='bbox 1324 969 1423 1032; x_wconf 72' lang='lat' dir='ltr'><strong>fecisse</strong></span> <span class='ocrx_word' id='word_1_39' title='bbox 1444 969 1523 1031; x_wconf 86' lang='lat' dir='ltr'><strong>inde</strong></span> <span class='ocrx_word' id='word_1_40' title='bbox 1545 990 1620 1032; x_wconf 64' lang='lat' dir='ltr'><strong>con⁴</strong></span> 
     </span>
     <span class='ocr_line' id='line_1_5' title="bbox 454 1071 1620 1157; baseline -0.001 -19"><span class='ocrx_word' id='word_1_41' title='bbox 454 1076 565 1138; x_wconf 84' lang='lat' dir='ltr'><strong>cludas</strong></span> <span class='ocrx_word' id='word_1_42' title='bbox 587 1076 673 1156; x_wconf 90' lang='lat' dir='ltr'><strong>quod</strong></span> <span class='ocrx_word' id='word_1_43' title='bbox 692 1095 715 1156; x_wconf 96' lang='lat' dir='ltr'><strong>p</strong></span> <span class='ocrx_word' id='word_1_44' title='bbox 733 1082 784 1149; x_wconf 84' lang='lat' dir='ltr'><strong>lo,</strong></span> <span class='ocrx_word' id='word_1_45' title='bbox 803 1078 842 1134; x_wconf 83' lang='grc'><strong>30</strong></span> <span class='ocrx_word' id='word_1_46' title='bbox 857 1094 917 1155; x_wconf 82' lang='lat' dir='ltr'><strong>quo</strong></span> <span class='ocrx_word' id='word_1_47' title='bbox 931 1094 990 1154; x_wconf 92' lang='lat' dir='ltr'><strong>pro</strong></span> <span class='ocrx_word' id='word_1_48' title='bbox 1004 1071 1089 1155; x_wconf 75' lang='lat' dir='ltr'><strong>quoi,</strong></span> <span class='ocrx_word' id='word_1_49' title='bbox 1106 1079 1189 1153; x_wconf 81' lang='lat' dir='ltr'><strong>pll,</strong></span> <span class='ocrx_word' id='word_1_50' title='bbox 1209 1078 1249 1135; x_wconf 78' lang='lat'><strong>26</strong></span> <span class='ocrx_word' id='word_1_51' title='bbox 1264 1076 1415 1157; x_wconf 76' lang='lat' dir='ltr'><em>quodiam</em></span> <span class='ocrx_word' id='word_1_52' title='bbox 1428 1094 1488 1156; x_wconf 91' lang='lat' dir='ltr'><strong>pro</strong></span> <span class='ocrx_word' id='word_1_53' title='bbox 1504 1083 1620 1138; x_wconf 80' lang='lat' dir='ltr'><strong>oollam</strong></span> 
     </span>
     <span class='ocr_line' id='line_1_6' title="bbox 454 1177 1618 1262; baseline 0 -20"><span class='ocrx_word' id='word_1_54' title='bbox 454 1180 569 1255; x_wconf 83' lang='lat' dir='ltr'><strong>habet3</strong></span> <span class='ocrx_word' id='word_1_55' title='bbox 594 1190 735 1244; x_wconf 87' lang='lat' dir='ltr'><strong>ceterum</strong></span> <span class='ocrx_word' id='word_1_56' title='bbox 748 1178 784 1242; x_wconf 87' lang='lat' dir='ltr'><strong>in</strong></span> <span class='ocrx_word' id='word_1_57' title='bbox 798 1177 908 1240; x_wconf 81' lang='lat' dir='ltr'><strong>Blera</strong></span> <span class='ocrx_word' id='word_1_58' title='bbox 921 1197 987 1262; x_wconf 78' lang='lat' dir='ltr'><strong>qua</strong></span> <span class='ocrx_word' id='word_1_59' title='bbox 1002 1177 1150 1240; x_wconf 73' lang='lat' dir='ltr'><strong>urribitur</strong></span> <span class='ocrx_word' id='word_1_60' title='bbox 1157 1213 1167 1253; x_wconf 78' lang='lat'><strong>,</strong></span> <span class='ocrx_word' id='word_1_61' title='bbox 1189 1186 1229 1240; x_wconf 92' lang='lat' dir='ltr'><strong>ut</strong></span> <span class='ocrx_word' id='word_1_62' title='bbox 1239 1179 1439 1261; x_wconf 66' lang='lat' dir='ltr'><strong>clloquulw,</strong></span> <span class='ocrx_word' id='word_1_63' title='bbox 1455 1187 1618 1262; x_wconf 79' lang='lat' dir='ltr'><strong>sequutus,</strong></span> 
     </span>
     <span class='ocr_line' id='line_1_7' title="bbox 457 1283 1620 1367; baseline -0.002 -19"><span class='ocrx_word' id='word_1_64' title='bbox 457 1295 489 1348; x_wconf 90' lang='lat' dir='ltr'><strong>et</strong></span> <span class='ocrx_word' id='word_1_65' title='bbox 504 1306 575 1349; x_wconf 80' lang='lat' dir='ltr'><strong>eum</strong></span> <span class='ocrx_word' id='word_1_66' title='bbox 590 1306 683 1367; x_wconf 82' lang='lat' dir='ltr'>saepe</span> <span class='ocrx_word' id='word_1_67' title='bbox 698 1284 733 1347; x_wconf 92' lang='lat' dir='ltr'><strong>in</strong></span> <span class='ocrx_word' id='word_1_68' title='bbox 748 1304 844 1367; x_wconf 75' lang='lat' dir='ltr'><strong>quum</strong></span> <span class='ocrx_word' id='word_1_69' title='bbox 858 1292 1022 1346; x_wconf 88' lang='lat' dir='ltr'><strong>mutatum</strong></span> <span class='ocrx_word' id='word_1_70' title='bbox 1033 1292 1093 1344; x_wconf 88' lang='lat' dir='ltr'><strong>est.</strong></span> <span class='ocrx_word' id='word_1_71' title='bbox 1119 1283 1233 1345; x_wconf 85' lang='lat' dir='ltr'><strong>codem</strong></span> <span class='ocrx_word' id='word_1_72' title='bbox 1245 1283 1486 1366; x_wconf 66' lang='lat' dir='ltr'><strong>pertinet-quod</strong></span> <span class='ocrx_word' id='word_1_73' title='bbox 1501 1291 1532 1345; x_wconf 88' lang='grc' dir='ltr'><em>Β</em></span> <span class='ocrx_word' id='word_1_74' title='bbox 1545 1284 1620 1347; x_wconf 90' lang='lat' dir='ltr'><strong>scri-</strong></span> 
     </span>
     <span class='ocr_line' id='line_1_8' title="bbox 454 1387 1621 1473; baseline 0 -21"><span class='ocrx_word' id='word_1_75' title='bbox 454 1390 505 1452; x_wconf 85' lang='lat' dir='ltr'><strong>bit</strong></span> <span class='ocrx_word' id='word_1_76' title='bbox 519 1388 689 1473; x_wconf 72' lang='lat' dir='ltr'><em>quottidie,</em></span> <span class='ocrx_word' id='word_1_77' title='bbox 717 1395 755 1453; x_wconf 89' lang='lat' dir='ltr'><em>N</em></span> <span class='ocrx_word' id='word_1_78' title='bbox 765 1409 843 1451; x_wconf 90' lang='lat' dir='ltr'><strong>uero</strong></span> <span class='ocrx_word' id='word_1_79' title='bbox 856 1387 988 1463; x_wconf 69' lang='lat' dir='ltr'><strong>ceddo,</strong></span> <span class='ocrx_word' id='word_1_80' title='bbox 1017 1397 1151 1470; x_wconf 86' lang='lat' dir='ltr'><strong>uterque</strong></span> <span class='ocrx_word' id='word_1_81' title='bbox 1177 1396 1290 1451; x_wconf 85' lang='lat' dir='ltr'><strong>autem·</strong></span> <span class='ocrx_word' id='word_1_82' title='bbox 1310 1387 1501 1452; x_wconf 77' lang='lat' dir='ltr'><strong>calidianus.</strong></span> <span class='ocrx_word' id='word_1_83' title='bbox 1542 1389 1621 1473; x_wconf 91' lang='lat' dir='ltr'><strong>quid</strong></span> 
     </span>
     <span class='ocr_line' id='line_1_9' title="bbox 455 1491 1108 1578; baseline -0.005 -20"><span class='ocrx_word' id='word_1_84' title='bbox 455 1497 542 1578; x_wconf 90' lang='lat' dir='ltr'><strong>quod</strong></span> <span class='ocrx_word' id='word_1_85' title='bbox 556 1500 592 1557; x_wconf 92' lang='lat' dir='ltr'><em>N</em></span> <span class='ocrx_word' id='word_1_86' title='bbox 603 1493 809 1577; x_wconf 68' lang='lat' dir='ltr'><strong>Esqotloam</strong></span> <span class='ocrx_word' id='word_1_87' title='bbox 824 1491 902 1556; x_wconf 90' lang='lat' dir='ltr'><strong>dicit</strong></span> <span class='ocrx_word' id='word_1_88' title='bbox 916 1492 1108 1556; x_wconf 80' lang='lat' dir='ltr'><strong>Esoilt&#39;nom.</strong></span> 
     </span>
    </p>

    <p class='ocr_par' dir='ltr' id='par_1_3' title="bbox 396 1596 1621 1889">
     <span class='ocr_line' id='line_1_10' title="bbox 539 1596 1621 1683; baseline 0.002 -20"><span class='ocrx_word' id='word_1_89' title='bbox 539 1602 661 1683; x_wconf 85' lang='lat' dir='ltr'><strong>Magna</strong></span> <span class='ocrx_word' id='word_1_90' title='bbox 675 1598 814 1660; x_wconf 89' lang='lat' dir='ltr'><strong>uarietas</strong></span> <span class='ocrx_word' id='word_1_91' title='bbox 829 1606 923 1678; x_wconf 87' lang='lat' dir='ltr'><strong>atque</strong></span> <span class='ocrx_word' id='word_1_92' title='bbox 938 1597 1070 1662; x_wconf 86' lang='lat' dir='ltr'><strong>licentia</strong></span> <span class='ocrx_word' id='word_1_93' title='bbox 1082 1597 1119 1659; x_wconf 91' lang='lat' dir='ltr'><strong>in</strong></span> <span class='ocrx_word' id='word_1_94' title='bbox 1134 1596 1325 1680; x_wconf 76' lang='lat' dir='ltr'><strong>aspiratione</strong></span> <span class='ocrx_word' id='word_1_95' title='bbox 1339 1599 1395 1660; x_wconf 88' lang='lat' dir='ltr'><strong>uel</strong></span> <span class='ocrx_word' id='word_1_96' title='bbox 1405 1602 1559 1681; x_wconf 86' lang='lat' dir='ltr'><strong>ponenda</strong></span> <span class='ocrx_word' id='word_1_97' title='bbox 1569 1603 1621 1665; x_wconf 90' lang='lat' dir='ltr'><strong>uel</strong></span> 
     </span>
     <span class='ocr_line' id='line_1_11' title="bbox 456 1701 1619 1788; baseline -0.001 -18"><span class='ocrx_word' id='word_1_98' title='bbox 456 1706 634 1770; x_wconf 87' lang='lat' dir='ltr'><strong>omittenda</strong></span> <span class='ocrx_word' id='word_1_99' title='bbox 647 1704 683 1765; x_wconf 92' lang='lat' dir='ltr'><strong>in</strong></span> <span class='ocrx_word' id='word_1_100' title='bbox 703 1709 733 1764; x_wconf 90' lang='lat' dir='ltr'><em>B</em></span> <span class='ocrx_word' id='word_1_101' title='bbox 753 1701 957 1784; x_wconf 80' lang='lat' dir='ltr'><strong>potissimum</strong></span> <span class='ocrx_word' id='word_1_102' title='bbox 978 1712 1037 1765; x_wconf 87' lang='lat' dir='ltr'><strong>est.</strong></span> <span class='ocrx_word' id='word_1_103' title='bbox 1061 1701 1210 1767; x_wconf 76' lang='lat' dir='ltr'><strong>Annibal</strong></span> <span class='ocrx_word' id='word_1_104' title='bbox 1231 1703 1399 1785; x_wconf 72' lang='lat' dir='ltr'><strong>perpaucis</strong></span> <span class='ocrx_word' id='word_1_105' title='bbox 1421 1704 1515 1782; x_wconf 88' lang='lat' dir='ltr'><strong>locis,</strong></span> <span class='ocrx_word' id='word_1_106' title='bbox 1541 1728 1619 1788; x_wconf 91' lang='lat' dir='ltr'><strong>quos</strong></span> 
     </span>
     <span class='ocr_line' id='line_1_12' title="bbox 396 1804 1620 1889; baseline 0.001 -16"><span class='ocrx_word' id='word_1_107' title='bbox 396 1809 403 1822; x_wconf 83' lang='grc'><em>“</em></span> <span class='ocrx_word' id='word_1_108' title='bbox 456 1813 609 1873; x_wconf 87' lang='lat' dir='ltr'><strong>adnotare</strong></span> <span class='ocrx_word' id='word_1_109' title='bbox 624 1827 898 1889; x_wconf 85' lang='lat' dir='ltr'><strong>superuacaneum</strong></span> <span class='ocrx_word' id='word_1_110' title='bbox 912 1804 1002 1883; x_wconf 87' lang='lat' dir='ltr'><strong>duxi,</strong></span> <span class='ocrx_word' id='word_1_111' title='bbox 1021 1806 1162 1889; x_wconf 82' lang='lat' dir='ltr'><strong>exceptis</strong></span> <span class='ocrx_word' id='word_1_112' title='bbox 1184 1828 1309 1889; x_wconf 82' lang='lat' dir='ltr'><strong>semper</strong></span> <span class='ocrx_word' id='word_1_113' title='bbox 1325 1808 1363 1871; x_wconf 90' lang='lat' dir='ltr'><strong>in</strong></span> <span class='ocrx_word' id='word_1_114' title='bbox 1374 1815 1408 1871; x_wconf 89' lang='lat' dir='ltr'><strong>-B</strong></span> <span class='ocrx_word' id='word_1_115' title='bbox 1422 1810 1575 1873; x_wconf 78' lang='lat' dir='ltr'><strong>scribitur</strong></span> <span class='ocrx_word' id='word_1_116' title='bbox 1589 1822 1620 1874; x_wconf 89' lang='lat' dir='ltr'><strong>et</strong></span> 
     </span>
    </p>

    <p class='ocr_par' dir='ltr' id='par_1_4' title="bbox 443 1911 1620 3348">
     <span class='ocr_line' id='line_1_13' title="bbox 455 1911 1620 1994; baseline 0.001 -15"><span class='ocrx_word' id='word_1_117' title='bbox 455 1915 564 1989; x_wconf 77' lang='lat' dir='ltr'><strong>Aeno,</strong></span> <span class='ocrx_word' id='word_1_118' title='bbox 576 1911 842 1986; x_wconf 74' lang='lat' dir='ltr'><strong>sedHasdeulal·</strong></span> <span class='ocrx_word' id='word_1_119' title='bbox 859 1922 955 1994; x_wconf 87' lang='lat' dir='ltr'><strong>atque</strong></span> <span class='ocrx_word' id='word_1_120' title='bbox 969 1912 1010 1973; x_wconf 88' lang='lat' dir='ltr'><strong>ab</strong></span> <span class='ocrx_word' id='word_1_121' title='bbox 1025 1911 1128 1977; x_wconf 89' lang='lat' dir='ltr'><strong>amico</strong></span> <span class='ocrx_word' id='word_1_122' title='bbox 1142 1914 1282 1994; x_wconf 85' lang='lat' dir='ltr'><strong>quodam</strong></span> <span class='ocrx_word' id='word_1_123' title='bbox 1296 1914 1620 1979; x_wconf 83' lang='lat' dir='ltr'><strong>edoctussumAnni·</strong></span> 
     </span>
     <span class='ocr_line' id='line_1_14' title="bbox 456 2016 1620 2100; baseline 0.003 -19"><span class='ocrx_word' id='word_1_124' title='bbox 456 2019 538 2083; x_wconf 84' lang='lat' dir='ltr'><strong>baiis</strong></span> <span class='ocrx_word' id='word_1_125' title='bbox 553 2028 650 2100; x_wconf 81' lang='lat' dir='ltr'><strong>atque</strong></span> <span class='ocrx_word' id='word_1_126' title='bbox 662 2016 879 2081; x_wconf 79' lang='lat' dir='ltr'><strong>Hasdrubalis</strong></span> <span class='ocrx_word' id='word_1_127' title='bbox 896 2016 1021 2079; x_wconf 87' lang='lat' dir='ltr'><strong>Punica</strong></span> <span class='ocrx_word' id='word_1_128' title='bbox 1034 2017 1167 2080; x_wconf 87' lang='lat' dir='ltr'><strong>nomina</strong></span> <span class='ocrx_word' id='word_1_129' title='bbox 1182 2017 1323 2082; x_wconf 70' lang='lat' dir='ltr'><strong>alitteris</strong></span> <span class='ocrx_word' id='word_1_130' title='bbox 1335 2018 1422 2081; x_wconf 88' lang='lat' dir='ltr'><strong>inter</strong></span> <span class='ocrx_word' id='word_1_131' title='bbox 1436 2037 1471 2082; x_wconf 86' lang='lat' dir='ltr'><strong>se</strong></span> <span class='ocrx_word' id='word_1_132' title='bbox 1485 2020 1620 2085; x_wconf 88' lang='lat' dir='ltr'><strong>diuersis</strong></span> 
     </span>
     <span class='ocr_line' id='line_1_15' title="bbox 455 2119 1620 2207; baseline 0.003 -21"><span class='ocrx_word' id='word_1_133' title='bbox 455 2124 607 2206; x_wconf 77' lang='lat' dir='ltr'><strong>incipere.</strong></span> <span class='ocrx_word' id='word_1_134' title='bbox 631 2129 670 2186; x_wconf 88' lang='lat' dir='ltr'><em>N</em></span> <span class='ocrx_word' id='word_1_135' title='bbox 680 2143 755 2186; x_wconf 90' lang='lat' dir='ltr'><strong>uero</strong></span> <span class='ocrx_word' id='word_1_136' title='bbox 770 2119 963 2196; x_wconf 69' lang='lat' dir='ltr'><strong>Hannibal,</strong></span> <span class='ocrx_word' id='word_1_137' title='bbox 972 2122 1106 2198; x_wconf 78' lang='lat' dir='ltr'><strong>Hanno,</strong></span> <span class='ocrx_word' id='word_1_138' title='bbox 1124 2122 1319 2186; x_wconf 78' lang='lat' dir='ltr'><strong>Hasdrubal</strong></span> <span class='ocrx_word' id='word_1_139' title='bbox 1331 2122 1441 2186; x_wconf 86' lang='lat' dir='ltr'><strong>habet.</strong></span> <span class='ocrx_word' id='word_1_140' title='bbox 1465 2134 1505 2187; x_wconf 89' lang='lat' dir='ltr'><strong>ut</strong></span> <span class='ocrx_word' id='word_1_141' title='bbox 1518 2146 1620 2207; x_wconf 89' lang='lat' dir='ltr'><strong>pauca</strong></span> 
     </span>
     <span class='ocr_line' id='line_1_16' title="bbox 455 2226 1619 2312; baseline 0.002 -20"><span class='ocrx_word' id='word_1_142' title='bbox 455 2231 615 2311; x_wconf 86' lang='lat' dir='ltr'><strong>quaedam</strong></span> <span class='ocrx_word' id='word_1_143' title='bbox 628 2227 774 2309; x_wconf 84' lang='lat' dir='ltr'><strong>exempla</strong></span> <span class='ocrx_word' id='word_1_144' title='bbox 789 2227 949 2301; x_wconf 84' lang='lat' dir='ltr'><strong>adieram,</strong></span> <span class='ocrx_word' id='word_1_145' title='bbox 971 2226 1033 2288; x_wconf 82' lang='lat' dir='ltr'><strong>loc</strong></span> <span class='ocrx_word' id='word_1_146' title='bbox 1046 2248 1103 2309; x_wconf 91' lang='lat' dir='ltr'><strong>pro</strong></span> <span class='ocrx_word' id='word_1_147' title='bbox 1118 2248 1156 2290; x_wconf 88' lang='lat' dir='ltr'><strong>eo</strong></span> <span class='ocrx_word' id='word_1_148' title='bbox 1171 2228 1257 2309; x_wconf 90' lang='lat' dir='ltr'><strong>quod</strong></span> <span class='ocrx_word' id='word_1_149' title='bbox 1272 2238 1321 2292; x_wconf 87' lang='lat' dir='ltr'><strong>ast</strong></span> <span class='ocrx_word' id='word_1_150' title='bbox 1335 2250 1375 2291; x_wconf 87' lang='lat' dir='ltr'><strong>oc</strong></span> <span class='ocrx_word' id='word_1_151' title='bbox 1388 2229 1619 2312; x_wconf 86' lang='lat' dir='ltr'><strong>saepissimimc</strong></span> 
     </span>
     <span class='ocr_line' id='line_1_17' title="bbox 455 2330 1616 2418; baseline 0.002 -21"><span class='ocrx_word' id='word_1_152' title='bbox 455 2334 567 2397; x_wconf 86' lang='lat' dir='ltr'><strong>scribit</strong></span> <span class='ocrx_word' id='word_1_153' title='bbox 585 2342 631 2409; x_wconf 87' lang='lat' dir='ltr'><strong>B,</strong></span> <span class='ocrx_word' id='word_1_154' title='bbox 662 2334 750 2395; x_wconf 91' lang='lat' dir='ltr'><strong>unde</strong></span> <span class='ocrx_word' id='word_1_155' title='bbox 769 2354 792 2414; x_wconf 92' lang='lat' dir='ltr'><strong>p</strong></span> <span class='ocrx_word' id='word_1_156' title='bbox 808 2336 860 2406; x_wconf 85' lang='lat'><strong>69,</strong></span> <span class='ocrx_word' id='word_1_157' title='bbox 878 2335 919 2394; x_wconf 76' lang='lat'><strong>26</strong></span> <span class='ocrx_word' id='word_1_158' title='bbox 934 2330 996 2392; x_wconf 82' lang='lat' dir='ltr'><strong>loc</strong></span> <span class='ocrx_word' id='word_1_159' title='bbox 1016 2331 1194 2396; x_wconf 81' lang='lat' dir='ltr'><strong>nominibus</strong></span> <span class='ocrx_word' id='word_1_160' title='bbox 1209 2343 1299 2398; x_wconf 84' lang='lat' dir='ltr'><strong>extat</strong></span> <span class='ocrx_word' id='word_1_161' title='bbox 1313 2355 1370 2417; x_wconf 90' lang='lat' dir='ltr'><strong>pro</strong></span> <span class='ocrx_word' id='word_1_162' title='bbox 1385 2335 1616 2418; x_wconf 61' lang='lat' dir='ltr'><strong>domuum,</strong></span> 
     </span>
     <span class='ocr_line' id='line_1_18' title="bbox 454 2436 1616 2524; baseline 0.002 -24"><span class='ocrx_word' id='word_1_163' title='bbox 454 2438 511 2500; x_wconf 92' lang='lat' dir='ltr'><strong>ubi</strong></span> <span class='ocrx_word' id='word_1_164' title='bbox 525 2445 563 2502; x_wconf 92' lang='lat' dir='ltr'><em>N</em></span> <span class='ocrx_word' id='word_1_165' title='bbox 574 2438 690 2504; x_wconf 87' lang='lat' dir='ltr'><strong>omisso</strong></span> <span class='ocrx_word' id='word_1_166' title='bbox 704 2436 776 2511; x_wconf 85' lang='lat' dir='ltr'><strong>loc,</strong></span> <span class='ocrx_word' id='word_1_167' title='bbox 793 2437 878 2518; x_wconf 90' lang='lat' dir='ltr'><strong>quod</strong></span> <span class='ocrx_word' id='word_1_168' title='bbox 893 2457 1023 2498; x_wconf 88' lang='lat' dir='ltr'><strong>sensum</strong></span> <span class='ocrx_word' id='word_1_169' title='bbox 1037 2458 1102 2499; x_wconf 90' lang='lat' dir='ltr'><strong>non</strong></span> <span class='ocrx_word' id='word_1_170' title='bbox 1117 2438 1268 2515; x_wconf 87' lang='lat' dir='ltr'><strong>habebat,</strong></span> <span class='ocrx_word' id='word_1_171' title='bbox 1284 2439 1465 2503; x_wconf 61' lang='lat' dir='ltr'><strong>„medua</strong></span> <span class='ocrx_word' id='word_1_172' title='bbox 1479 2441 1616 2524; x_wconf 82' lang='lat' dir='ltr'><strong>scripsit.</strong></span> 
     </span>
     <span class='ocr_line' id='line_1_19' title="bbox 455 2541 1618 2626; baseline 0.001 -18"><span class='ocrx_word' id='word_1_173' title='bbox 455 2554 489 2608; x_wconf 89' lang='lat' dir='ltr'><strong>et</strong></span> <span class='ocrx_word' id='word_1_174' title='bbox 502 2543 537 2605; x_wconf 90' lang='lat' dir='ltr'><strong>in</strong></span> <span class='ocrx_word' id='word_1_175' title='bbox 551 2542 738 2608; x_wconf 66' lang='lat' dir='ltr'><strong>edendam</strong></span> <span class='ocrx_word' id='word_1_176' title='bbox 750 2551 884 2623; x_wconf 90' lang='lat' dir='ltr'><strong>uterque</strong></span> <span class='ocrx_word' id='word_1_177' title='bbox 898 2541 1060 2604; x_wconf 84' lang='lat' dir='ltr'><strong>consentit</strong></span> <span class='ocrx_word' id='word_1_178' title='bbox 1068 2566 1077 2617; x_wconf 88' lang='lat'>;</span> <span class='ocrx_word' id='word_1_179' title='bbox 1095 2541 1259 2626; x_wconf 73' lang='lat' dir='ltr'><strong>lapmino,</strong></span> <span class='ocrx_word' id='word_1_180' title='bbox 1277 2543 1532 2624; x_wconf 64' lang='lat' dir='ltr'><strong>laspoetimm,</strong></span> <span class='ocrx_word' id='word_1_181' title='bbox 1549 2546 1618 2610; x_wconf 73' lang='lat' dir='ltr'><strong>leoc-</strong></span> 
     </span>
     <span class='ocr_line' id='line_1_20' title="bbox 455 2644 1619 2729; baseline 0.002 -16"><span class='ocrx_word' id='word_1_182' title='bbox 455 2648 560 2727; x_wconf 75' lang='lat' dir='ltr'><strong>casio,</strong></span> <span class='ocrx_word' id='word_1_183' title='bbox 577 2647 724 2723; x_wconf 72' lang='lat' dir='ltr'><strong>leodium,</strong></span> <span class='ocrx_word' id='word_1_184' title='bbox 742 2644 940 2729; x_wconf 78' lang='lat' dir='ltr'><strong>lopuleulia,</strong></span> <span class='ocrx_word' id='word_1_185' title='bbox 959 2644 1143 2710; x_wconf 77' lang='lat' dir='ltr'><strong>hostendere</strong></span> <span class='ocrx_word' id='word_1_186' title='bbox 1156 2647 1192 2714; x_wconf 89' lang='lat' dir='ltr'><strong>iu</strong></span> <span class='ocrx_word' id='word_1_187' title='bbox 1208 2650 1275 2712; x_wconf 88' lang='lat' dir='ltr'><strong>solo</strong></span> <span class='ocrx_word' id='word_1_188' title='bbox 1290 2656 1320 2712; x_wconf 84' lang='grc' dir='ltr'><em>Β</em></span> <span class='ocrx_word' id='word_1_189' title='bbox 1333 2648 1522 2726; x_wconf 89' lang='lat' dir='ltr'><strong>inuenitur,</strong></span> <span class='ocrx_word' id='word_1_190' title='bbox 1546 2673 1619 2715; x_wconf 88' lang='lat' dir='ltr'><strong>curn</strong></span> 
     </span>
     <span class='ocr_line' id='line_1_21' title="bbox 454 2750 1615 2836; baseline 0.002 -18"><span class='ocrx_word' id='word_1_191' title='bbox 454 2760 492 2818; x_wconf 90' lang='lat' dir='ltr'><em>N</em></span> <span class='ocrx_word' id='word_1_192' title='bbox 502 2752 630 2836; x_wconf 88' lang='lat' dir='ltr'><strong>propria</strong></span> <span class='ocrx_word' id='word_1_193' title='bbox 644 2753 709 2815; x_wconf 91' lang='lat' dir='ltr'><strong>sint</strong></span> <span class='ocrx_word' id='word_1_194' title='bbox 723 2752 813 2827; x_wconf 76' lang='lat' dir='ltr'><strong>drea,</strong></span> <span class='ocrx_word' id='word_1_195' title='bbox 830 2750 959 2815; x_wconf 76' lang='lat' dir='ltr'><strong>leenae.</strong></span> <span class='ocrx_word' id='word_1_196' title='bbox 990 2763 1102 2817; x_wconf 90' lang='lat' dir='ltr'><strong>contra</strong></span> <span class='ocrx_word' id='word_1_197' title='bbox 1122 2775 1222 2817; x_wconf 62' lang='lat' dir='ltr'><strong>amor</strong></span> <span class='ocrx_word' id='word_1_198' title='bbox 1234 2764 1321 2818; x_wconf 86' lang='lat' dir='ltr'><strong>recte</strong></span> <span class='ocrx_word' id='word_1_199' title='bbox 1333 2763 1470 2836; x_wconf 88' lang='lat' dir='ltr'><strong>uterque</strong></span> <span class='ocrx_word' id='word_1_200' title='bbox 1484 2755 1615 2833; x_wconf 89' lang='lat' dir='ltr'><strong>habent,</strong></span> 
     </span>
     <span class='ocr_line' id='line_1_22' title="bbox 454 2857 1618 2944; baseline 0.003 -23"><span class='ocrx_word' id='word_1_201' title='bbox 454 2879 563 2921; x_wconf 81' lang='lat' dir='ltr'><strong>umens</strong></span> <span class='ocrx_word' id='word_1_202' title='bbox 592 2868 625 2920; x_wconf 88' lang='lat' dir='ltr'><strong>et</strong></span> <span class='ocrx_word' id='word_1_203' title='bbox 640 2876 765 2919; x_wconf 81' lang='lat' dir='ltr'><strong>umeros</strong></span> <span class='ocrx_word' id='word_1_204' title='bbox 779 2876 798 2917; x_wconf 91' lang='lat' dir='ltr'><strong>e</strong></span> <span class='ocrx_word' id='word_1_205' title='bbox 812 2857 880 2918; x_wconf 87' lang='lat' dir='ltr'><strong>solo</strong></span> <span class='ocrx_word' id='word_1_206' title='bbox 894 2862 940 2931; x_wconf 90' lang='lat' dir='ltr'><strong>N,</strong></span> <span class='ocrx_word' id='word_1_207' title='bbox 958 2857 1041 2920; x_wconf 88' lang='lat' dir='ltr'><strong>sicut</strong></span> <span class='ocrx_word' id='word_1_208' title='bbox 1055 2857 1201 2934; x_wconf 74' lang='lat' dir='ltr'><strong>orribile,</strong></span> <span class='ocrx_word' id='word_1_209' title='bbox 1221 2880 1331 2923; x_wconf 71' lang='lat' dir='ltr'><strong>maes</strong></span> <span class='ocrx_word' id='word_1_210' title='bbox 1345 2880 1363 2922; x_wconf 89' lang='lat' dir='ltr'><strong>c</strong></span> <span class='ocrx_word' id='word_1_211' title='bbox 1377 2866 1408 2922; x_wconf 88' lang='lat' dir='ltr'><em>B</em></span> <span class='ocrx_word' id='word_1_212' title='bbox 1420 2859 1547 2944; x_wconf 84' lang='lat' dir='ltr'><strong>scripsi.</strong></span> <span class='ocrx_word' id='word_1_213' title='bbox 1564 2863 1618 2925; x_wconf 89' lang='lat' dir='ltr'><strong>sed</strong></span> 
     </span>
     <span class='ocr_line' id='line_1_23' title="bbox 443 2960 1618 3042; baseline 0.005 -16"><span class='ocrx_word' id='word_1_214' title='bbox 443 2969 546 3038; x_wconf 80' lang='lat' dir='ltr'><strong>&#39;asla,</strong></span> <span class='ocrx_word' id='word_1_215' title='bbox 569 2960 691 3025; x_wconf 81' lang='lat' dir='ltr'><strong>oratius</strong></span> <span class='ocrx_word' id='word_1_216' title='bbox 706 2969 839 3042; x_wconf 90' lang='lat' dir='ltr'><strong>uterque</strong></span> <span class='ocrx_word' id='word_1_217' title='bbox 853 2960 952 3023; x_wconf 88' lang='lat' dir='ltr'><strong>habet</strong></span> <span class='ocrx_word' id='word_1_218' title='bbox 959 3008 969 3037; x_wconf 97' lang='lat'><strong>,</strong></span> <span class='ocrx_word' id='word_1_219' title='bbox 987 2963 1087 3040; x_wconf 79' lang='lat' dir='ltr'><strong>aluit,</strong></span> <span class='ocrx_word' id='word_1_220' title='bbox 1104 2962 1242 3027; x_wconf 83' lang='lat' dir='ltr'><strong>ereditas</strong></span> <span class='ocrx_word' id='word_1_221' title='bbox 1256 2971 1305 3039; x_wconf 77' lang='lat' dir='ltr'><strong>B,</strong></span> <span class='ocrx_word' id='word_1_222' title='bbox 1327 2963 1433 3028; x_wconf 74' lang='lat' dir='ltr'><strong>celari</strong></span> <span class='ocrx_word' id='word_1_223' title='bbox 1444 2971 1483 3029; x_wconf 91' lang='lat' dir='ltr'><em>N</em></span> <span class='ocrx_word' id='word_1_224' title='bbox 1486 2989 1496 3041; x_wconf 88' lang='lat'>;</span> <span class='ocrx_word' id='word_1_225' title='bbox 1511 2988 1618 3032; x_wconf 81' lang='lat' dir='ltr'><strong>nuans</strong></span> 
     </span>
     <span class='ocr_line' id='line_1_24' title="bbox 456 3066 1618 3154; baseline 0.004 -25"><span class='ocrx_word' id='word_1_226' title='bbox 456 3067 674 3149; x_wconf 77' lang='lat' dir='ltr'><strong>oonpreenses,</strong></span> <span class='ocrx_word' id='word_1_227' title='bbox 690 3086 832 3129; x_wconf 75' lang='lat' dir='ltr'><strong>coemens</strong></span> <span class='ocrx_word' id='word_1_228' title='bbox 840 3112 850 3142; x_wconf 91' lang='lat'><strong>,</strong></span> <span class='ocrx_word' id='word_1_229' title='bbox 869 3073 997 3144; x_wconf 78' lang='lat' dir='ltr'><strong>teneret,</strong></span> <span class='ocrx_word' id='word_1_230' title='bbox 1016 3066 1139 3132; x_wconf 68' lang='lat' dir='ltr'><strong>alsdai</strong></span> <span class='ocrx_word' id='word_1_231' title='bbox 1151 3076 1192 3144; x_wconf 93' lang='lat' dir='ltr'><strong>B,</strong></span> <span class='ocrx_word' id='word_1_232' title='bbox 1208 3069 1244 3132; x_wconf 87' lang='lat' dir='ltr'><strong>in</strong></span> <span class='ocrx_word' id='word_1_233' title='bbox 1258 3087 1322 3151; x_wconf 84' lang='lat' dir='ltr'><strong>quo</strong></span> <span class='ocrx_word' id='word_1_234' title='bbox 1333 3069 1423 3132; x_wconf 89' lang='lat' dir='ltr'><strong>haud</strong></span> <span class='ocrx_word' id='word_1_235' title='bbox 1436 3091 1509 3134; x_wconf 86' lang='lat' dir='ltr'><strong>raro</strong></span> <span class='ocrx_word' id='word_1_236' title='bbox 1525 3093 1618 3154; x_wconf 82' lang='lat' dir='ltr'><strong>supra</strong></span> 
     </span>
     <span class='ocr_line' id='line_1_25' title="bbox 454 3169 1617 3255; baseline 0.006 -22"><span class='ocrx_word' id='word_1_237' title='bbox 454 3171 574 3235; x_wconf 87' lang='lat' dir='ltr'><strong>lineam</strong></span> <span class='ocrx_word' id='word_1_238' title='bbox 599 3169 800 3254; x_wconf 83' lang='lat' dir='ltr'><strong>aspirationis</strong></span> <span class='ocrx_word' id='word_1_239' title='bbox 822 3180 897 3236; x_wconf 87' lang='lat' dir='ltr'><strong>nota</strong></span> <span class='ocrx_word' id='word_1_240' title='bbox 915 3172 1136 3248; x_wconf 67' lang='lat' dir='ltr'><strong>sardicese,</strong></span> <span class='ocrx_word' id='word_1_241' title='bbox 1165 3173 1375 3255; x_wconf 84' lang='lat' dir='ltr'><strong>quametiam</strong></span> <span class='ocrx_word' id='word_1_242' title='bbox 1394 3174 1438 3240; x_wconf 62' lang='lat' dir='ltr'><strong>in:</strong></span> <span class='ocrx_word' id='word_1_243' title='bbox 1451 3176 1617 3240; x_wconf 87' lang='lat' dir='ltr'><strong>quenalis</strong></span> 
     </span>
     <span class='ocr_line' id='line_1_26' title="bbox 455 3277 1428 3348; baseline 0.003 -9"><span class='ocrx_word' id='word_1_244' title='bbox 455 3277 562 3339; x_wconf 86' lang='lat' dir='ltr'><strong>codice</strong></span> <span class='ocrx_word' id='word_1_245' title='bbox 577 3277 756 3340; x_wconf 84' lang='lat' dir='ltr'><strong>Pithoeano</strong></span> <span class='ocrx_word' id='word_1_246' title='bbox 771 3278 882 3339; x_wconf 89' lang='lat' dir='ltr'><strong>eodem</strong></span> <span class='ocrx_word' id='word_1_247' title='bbox 897 3280 992 3341; x_wconf 91' lang='lat' dir='ltr'><strong>modo</strong></span> <span class='ocrx_word' id='word_1_248' title='bbox 1008 3277 1187 3341; x_wconf 84' lang='lat' dir='ltr'><strong>adhibitam</strong></span> <span class='ocrx_word' id='word_1_249' title='bbox 1203 3278 1329 3348; x_wconf 62' lang='lat' dir='ltr'><strong>inueni«</strong></span> <span class='ocrx_word' id='word_1_250' title='bbox 1389 3302 1393 3309; x_wconf 93' lang='lat'>·</span> <span class='ocrx_word' id='word_1_251' title='bbox 1419 3298 1428 3319; x_wconf 60' lang='lat' dir='ltr'>s</span> 
     </span>
    </p>

    <p class='ocr_par' dir='ltr' id='par_1_5' title="bbox 433 3381 1616 4722">
     <span class='ocr_line' id='line_1_27' title="bbox 540 3381 1616 3471; baseline 0.007 -26"><span class='ocrx_word' id='word_1_252' title='bbox 540 3382 630 3448; x_wconf 89' lang='lat' dir='ltr'><strong>Illud</strong></span> <span class='ocrx_word' id='word_1_253' title='bbox 643 3381 702 3443; x_wconf 83' lang='lat' dir='ltr'><strong>uix</strong></span> <span class='ocrx_word' id='word_1_254' title='bbox 716 3402 795 3462; x_wconf 85' lang='lat' dir='ltr'><strong>opus</strong></span> <span class='ocrx_word' id='word_1_255' title='bbox 807 3391 856 3445; x_wconf 89' lang='lat' dir='ltr'><strong>est</strong></span> <span class='ocrx_word' id='word_1_256' title='bbox 869 3404 1010 3460; x_wconf 90' lang='lat' dir='ltr'><strong>monere,</strong></span> <span class='ocrx_word' id='word_1_257' title='bbox 1035 3383 1101 3446; x_wconf 87' lang='lat' dir='ltr'><strong>let</strong></span> <span class='ocrx_word' id='word_1_258' title='bbox 1115 3406 1137 3449; x_wconf 82' lang='lat' dir='ltr'><strong>u</strong></span> <span class='ocrx_word' id='word_1_259' title='bbox 1157 3384 1193 3448; x_wconf 90' lang='lat' dir='ltr'><strong>in</strong></span> <span class='ocrx_word' id='word_1_260' title='bbox 1213 3396 1350 3468; x_wconf 85' lang='lat' dir='ltr'><strong>utroque¹</strong></span> <span class='ocrx_word' id='word_1_261' title='bbox 1368 3385 1479 3451; x_wconf 84' lang='lat' dir='ltr'><strong>codice</strong></span> <span class='ocrx_word' id='word_1_262' title='bbox 1501 3387 1616 3471; x_wconf 87' lang='lat' dir='ltr'><strong>saepis·</strong></span> 
     </span>
     <span class='ocr_line' id='line_1_28' title="bbox 454 3485 1616 3569; baseline 0.003 -19"><span class='ocrx_word' id='word_1_263' title='bbox 454 3486 533 3550; x_wconf 87' lang='lat' dir='ltr'><strong>sime</strong></span> <span class='ocrx_word' id='word_1_264' title='bbox 548 3486 632 3569; x_wconf 88' lang='lat' dir='ltr'><strong>inter</strong></span> <span class='ocrx_word' id='word_1_265' title='bbox 647 3507 681 3549; x_wconf 88' lang='lat' dir='ltr'><strong>se</strong></span> <span class='ocrx_word' id='word_1_266' title='bbox 695 3485 823 3550; x_wconf 87' lang='lat' dir='ltr'><strong>mutari.</strong></span> <span class='ocrx_word' id='word_1_267' title='bbox 854 3509 981 3550; x_wconf 89' lang='lat' dir='ltr'><strong>summa</strong></span> <span class='ocrx_word' id='word_1_268' title='bbox 995 3487 1213 3552; x_wconf 88' lang='lat' dir='ltr'><strong>inconstantia</strong></span> <span class='ocrx_word' id='word_1_269' title='bbox 1234 3499 1282 3553; x_wconf 90' lang='lat' dir='ltr'><strong>est</strong></span> <span class='ocrx_word' id='word_1_270' title='bbox 1301 3489 1338 3558; x_wconf 78' lang='lat' dir='ltr'><strong>ia</strong></span> <span class='ocrx_word' id='word_1_271' title='bbox 1358 3490 1554 3555; x_wconf 78' lang='lat' dir='ltr'><strong>adhibendis</strong></span> <span class='ocrx_word' id='word_1_272' title='bbox 1567 3492 1616 3556; x_wconf 90' lang='lat' dir='ltr'><strong>lit·</strong></span> 
     </span>
     <span class='ocr_line' id='line_1_29' title="bbox 454 3590 1616 3680; baseline 0.003 -25"><span class='ocrx_word' id='word_1_273' title='bbox 454 3592 529 3656; x_wconf 88' lang='lat' dir='ltr'><strong>teris</strong></span> <span class='ocrx_word' id='word_1_274' title='bbox 544 3593 613 3655; x_wconf 91' lang='lat' dir='ltr'><strong>det</strong></span> <span class='ocrx_word' id='word_1_275' title='bbox 629 3600 660 3668; x_wconf 84' lang='lat' dir='ltr'><strong>t;</strong></span> <span class='ocrx_word' id='word_1_276' title='bbox 691 3590 799 3674; x_wconf 87' lang='lat' dir='ltr'><strong>itaque</strong></span> <span class='ocrx_word' id='word_1_277' title='bbox 821 3593 879 3655; x_wconf 88' lang='lat' dir='ltr'><strong>sed</strong></span> <span class='ocrx_word' id='word_1_278' title='bbox 898 3602 994 3674; x_wconf 88' lang='lat' dir='ltr'><strong>atque</strong></span> <span class='ocrx_word' id='word_1_279' title='bbox 1016 3602 1079 3669; x_wconf 83' lang='lat' dir='ltr'><strong>sel,</strong></span> <span class='ocrx_word' id='word_1_280' title='bbox 1108 3595 1198 3676; x_wconf 81' lang='lat' dir='ltr'><strong>opud</strong></span> <span class='ocrx_word' id='word_1_281' title='bbox 1211 3604 1307 3677; x_wconf 88' lang='lat' dir='ltr'><strong>atque</strong></span> <span class='ocrx_word' id='word_1_282' title='bbox 1322 3604 1417 3677; x_wconf 77' lang='lat' dir='ltr'><strong>apul,</strong></span> <span class='ocrx_word' id='word_1_283' title='bbox 1429 3649 1433 3657; x_wconf 86' lang='lat'><strong>.</strong></span> <span class='ocrx_word' id='word_1_284' title='bbox 1446 3598 1553 3680; x_wconf 75' lang='lat' dir='ltr'><strong>adque</strong></span> <span class='ocrx_word' id='word_1_285' title='bbox 1566 3598 1616 3660; x_wconf 89' lang='lat' dir='ltr'><strong>uel</strong></span> 
     </span>
     <span class='ocr_line' id='line_1_30' title="bbox 454 3697 1615 3783; baseline 0.003 -23"><span class='ocrx_word' id='word_1_286' title='bbox 454 3706 557 3781; x_wconf 70' lang='lat' dir='ltr'><strong>atqua</strong></span> <span class='ocrx_word' id='word_1_287' title='bbox 576 3697 697 3781; x_wconf 81' lang='lat' dir='ltr'><strong>odqalo</strong></span> <span class='ocrx_word' id='word_1_288' title='bbox 711 3697 765 3760; x_wconf 90' lang='lat' dir='ltr'><strong>uol</strong></span> <span class='ocrx_word' id='word_1_289' title='bbox 781 3697 892 3781; x_wconf 74' lang='lat' dir='ltr'><strong>atquin</strong></span> <span class='ocrx_word' id='word_1_290' title='bbox 906 3735 945 3745; x_wconf 89' lang='lat'><strong>--</strong></span> <span class='ocrx_word' id='word_1_291' title='bbox 963 3719 1040 3759; x_wconf 90' lang='lat' dir='ltr'><strong>nam</strong></span> <span class='ocrx_word' id='word_1_292' title='bbox 1063 3698 1154 3782; x_wconf 71' lang='lat' dir='ltr'><strong>adqui</strong></span> <span class='ocrx_word' id='word_1_293' title='bbox 1172 3721 1333 3783; x_wconf 88' lang='lat' dir='ltr'><strong>nusquam</strong></span> <span class='ocrx_word' id='word_1_294' title='bbox 1347 3700 1381 3762; x_wconf 91' lang='lat' dir='ltr'><strong>in</strong></span> <span class='ocrx_word' id='word_1_295' title='bbox 1397 3702 1487 3765; x_wconf 87' lang='lat' dir='ltr'><strong>Flori</strong></span> <span class='ocrx_word' id='word_1_296' title='bbox 1502 3701 1615 3766; x_wconf 91' lang='lat' dir='ltr'><strong>codici-</strong></span> 
     </span>
     <span class='ocr_line' id='line_1_31' title="bbox 452 3802 1615 3887; baseline 0.007 -24"><span class='ocrx_word' id='word_1_297' title='bbox 452 3803 514 3864; x_wconf 87' lang='lat' dir='ltr'><strong>bus</strong></span> <span class='ocrx_word' id='word_1_298' title='bbox 529 3804 647 3884; x_wconf 87' lang='lat' dir='ltr'><strong>legitur</strong></span> <span class='ocrx_word' id='word_1_299' title='bbox 660 3838 698 3849; x_wconf 92' lang='lat'><em>-</em></span> <span class='ocrx_word' id='word_1_300' title='bbox 711 3804 822 3866; x_wconf 88' lang='lat' dir='ltr'><strong>eadem</strong></span> <span class='ocrx_word' id='word_1_301' title='bbox 836 3802 1190 3885; x_wconf 88' lang='lat' dir='ltr'><strong>inconstantia-scripsi,</strong></span> <span class='ocrx_word' id='word_1_302' title='bbox 1207 3805 1255 3869; x_wconf 90' lang='lat' dir='ltr'><strong>ita</strong></span> <span class='ocrx_word' id='word_1_303' title='bbox 1269 3805 1400 3887; x_wconf 85' lang='lat' dir='ltr'><strong>quidem</strong></span> <span class='ocrx_word' id='word_1_304' title='bbox 1415 3807 1615 3871; x_wconf 83' lang='lat' dir='ltr'><strong>utrariorem</strong></span> 
     </span>
     <span class='ocr_line' id='line_1_32' title="bbox 453 3905 1614 3992; baseline 0.007 -26"><span class='ocrx_word' id='word_1_305' title='bbox 453 3905 588 3967; x_wconf 87' lang='lat' dir='ltr'><strong>formam</strong></span> <span class='ocrx_word' id='word_1_306' title='bbox 602 3906 773 3987; x_wconf 87' lang='lat' dir='ltr'><strong>reciperem</strong></span> <span class='ocrx_word' id='word_1_307' title='bbox 788 3906 843 3969; x_wconf 90' lang='lat' dir='ltr'><strong>ubi</strong></span> <span class='ocrx_word' id='word_1_308' title='bbox 859 3908 983 3970; x_wconf 88' lang='lat' dir='ltr'><strong>codices</strong></span> <span class='ocrx_word' id='word_1_309' title='bbox 998 3908 1224 3991; x_wconf 84' lang='lat' dir='ltr'><strong>discreparent.</strong></span> <span class='ocrx_word' id='word_1_310' title='bbox 1260 3912 1316 3974; x_wconf 86' lang='lat' dir='ltr'><strong>sed</strong></span> <span class='ocrx_word' id='word_1_311' title='bbox 1330 3912 1417 3992; x_wconf 87' lang='lat' dir='ltr'><strong>quod</strong></span> <span class='ocrx_word' id='word_1_312' title='bbox 1430 3910 1468 3972; x_wconf 94' lang='lat' dir='ltr'><strong>in</strong></span> <span class='ocrx_word' id='word_1_313' title='bbox 1483 3918 1551 3976; x_wconf 90' lang='lat' dir='ltr'><strong>BN</strong></span> <span class='ocrx_word' id='word_1_314' title='bbox 1562 3910 1614 3974; x_wconf 83' lang='lat' dir='ltr'><strong>ali·</strong></span> 
     </span>
     <span class='ocr_line' id='line_1_33' title="bbox 453 4009 1614 4100; baseline 0.008 -29"><span class='ocrx_word' id='word_1_315' title='bbox 453 4010 599 4093; x_wconf 90' lang='lat' dir='ltr'><strong>quotiens</strong></span> <span class='ocrx_word' id='word_1_316' title='bbox 614 4009 732 4091; x_wconf 87' lang='lat' dir='ltr'><strong>legitur</strong></span> <span class='ocrx_word' id='word_1_317' title='bbox 747 4011 879 4094; x_wconf 81' lang='lat' dir='ltr'><strong>aliquod</strong></span> <span class='ocrx_word' id='word_1_318' title='bbox 891 4033 948 4093; x_wconf 91' lang='lat' dir='ltr'><strong>pro</strong></span> <span class='ocrx_word' id='word_1_319' title='bbox 964 4013 1085 4096; x_wconf 80' lang='lat' dir='ltr'><strong>aliquot</strong></span> <span class='ocrx_word' id='word_1_320' title='bbox 1098 4015 1236 4097; x_wconf 87' lang='lat' dir='ltr'><strong>recipere</strong></span> <span class='ocrx_word' id='word_1_321' title='bbox 1252 4015 1362 4091; x_wconf 90' lang='lat' dir='ltr'><strong>nolui,</strong></span> <span class='ocrx_word' id='word_1_322' title='bbox 1389 4015 1543 4100; x_wconf 89' lang='lat' dir='ltr'><strong>idemque</strong></span> <span class='ocrx_word' id='word_1_323' title='bbox 1564 4018 1614 4079; x_wconf 89' lang='lat' dir='ltr'><strong>ad-</strong></span> 
     </span>
     <span class='ocr_line' id='line_1_34' title="bbox 451 4114 1615 4203; baseline 0.004 -24"><span class='ocrx_word' id='word_1_324' title='bbox 451 4126 563 4179; x_wconf 86' lang='lat' dir='ltr'><strong>notare</strong></span> <span class='ocrx_word' id='word_1_325' title='bbox 579 4114 655 4177; x_wconf 91' lang='lat' dir='ltr'><strong>satis</strong></span> <span class='ocrx_word' id='word_1_326' title='bbox 671 4114 770 4177; x_wconf 89' lang='lat' dir='ltr'><strong>habui</strong></span> <span class='ocrx_word' id='word_1_327' title='bbox 785 4114 863 4198; x_wconf 82' lang='lat' dir='ltr'><strong>quil,</strong></span> <span class='ocrx_word' id='word_1_328' title='bbox 882 4115 957 4179; x_wconf 77' lang='lat' dir='ltr'><strong>illut</strong></span> <span class='ocrx_word' id='word_1_329' title='bbox 970 4139 1051 4199; x_wconf 88' lang='lat' dir='ltr'><strong>quac</strong></span> <span class='ocrx_word' id='word_1_330' title='bbox 1067 4118 1120 4180; x_wconf 91' lang='lat' dir='ltr'><strong>hic</strong></span> <span class='ocrx_word' id='word_1_331' title='bbox 1142 4119 1210 4182; x_wconf 89' lang='lat' dir='ltr'><strong>illic</strong></span> <span class='ocrx_word' id='word_1_332' title='bbox 1231 4120 1384 4203; x_wconf 83' lang='lat' dir='ltr'><strong>leguntur</strong></span> <span class='ocrx_word' id='word_1_333' title='bbox 1405 4122 1441 4183; x_wconf 90' lang='lat' dir='ltr'><strong>in</strong></span> <span class='ocrx_word' id='word_1_334' title='bbox 1456 4128 1526 4187; x_wconf 91' lang='lat' dir='ltr'><strong>BN</strong></span> <span class='ocrx_word' id='word_1_335' title='bbox 1537 4122 1615 4188; x_wconf 87' lang='lat' dir='ltr'><strong>sicut</strong></span> 
     </span>
     <span class='ocr_line' id='line_1_35' title="bbox 451 4221 1612 4309; baseline 0.003 -22"><span class='ocrx_word' id='word_1_336' title='bbox 451 4222 534 4287; x_wconf 78' lang='lat' dir='ltr'><strong>oliui</strong></span> <span class='ocrx_word' id='word_1_337' title='bbox 547 4221 583 4283; x_wconf 91' lang='lat' dir='ltr'><strong>in</strong></span> <span class='ocrx_word' id='word_1_338' title='bbox 597 4227 642 4296; x_wconf 89' lang='lat' dir='ltr'><strong>N,</strong></span> <span class='ocrx_word' id='word_1_339' title='bbox 659 4228 733 4303; x_wconf 83' lang='lat' dir='ltr'><strong>quot</strong></span> <span class='ocrx_word' id='word_1_340' title='bbox 747 4230 778 4281; x_wconf 88' lang='lat' dir='ltr'><strong>ct</strong></span> <span class='ocrx_word' id='word_1_341' title='bbox 794 4230 904 4282; x_wconf 88' lang='lat' dir='ltr'><strong>contra</strong></span> <span class='ocrx_word' id='word_1_342' title='bbox 919 4222 1042 4304; x_wconf 79' lang='lat' dir='ltr'><strong>inquid,</strong></span> <span class='ocrx_word' id='word_1_343' title='bbox 1060 4224 1214 4308; x_wconf 76' lang='lat' dir='ltr'><strong>reliquid,</strong></span> <span class='ocrx_word' id='word_1_344' title='bbox 1233 4225 1385 4302; x_wconf 78' lang='lat' dir='ltr'><strong>simulud,</strong></span> <span class='ocrx_word' id='word_1_345' title='bbox 1404 4229 1514 4309; x_wconf 79' lang='lat' dir='ltr'><strong>capud</strong></span> <span class='ocrx_word' id='word_1_346' title='bbox 1526 4227 1562 4290; x_wconf 90' lang='lat' dir='ltr'><strong>in</strong></span> <span class='ocrx_word' id='word_1_347' title='bbox 1575 4234 1612 4301; x_wconf 91' lang='lat' dir='ltr'><strong>B,</strong></span> 
     </span>
     <span class='ocr_line' id='line_1_36' title="bbox 450 4324 1615 4413; baseline 0.006 -25"><span class='ocrx_word' id='word_1_348' title='bbox 450 4327 485 4391; x_wconf 87' lang='lat' dir='ltr'><strong>in</strong></span> <span class='ocrx_word' id='word_1_349' title='bbox 500 4350 564 4411; x_wconf 94' lang='lat' dir='ltr'><strong>quo</strong></span> <span class='ocrx_word' id='word_1_350' title='bbox 579 4347 673 4409; x_wconf 89' lang='lat' dir='ltr'><strong>saepe</strong></span> <span class='ocrx_word' id='word_1_351' title='bbox 688 4326 773 4407; x_wconf 92' lang='lat' dir='ltr'><strong>quod</strong></span> <span class='ocrx_word' id='word_1_352' title='bbox 791 4324 879 4409; x_wconf 87' lang='lat' dir='ltr'><strong>prius</strong></span> <span class='ocrx_word' id='word_1_353' title='bbox 904 4325 1059 4408; x_wconf 90' lang='lat' dir='ltr'><strong>scriptum</strong></span> <span class='ocrx_word' id='word_1_354' title='bbox 1080 4340 1148 4393; x_wconf 91' lang='lat' dir='ltr'><strong>crat</strong></span> <span class='ocrx_word' id='word_1_355' title='bbox 1170 4332 1194 4393; x_wconf 92' lang='lat' dir='ltr'><strong>d</strong></span> <span class='ocrx_word' id='word_1_356' title='bbox 1210 4331 1265 4394; x_wconf 90' lang='lat' dir='ltr'><strong>uel</strong></span> <span class='ocrx_word' id='word_1_357' title='bbox 1289 4340 1432 4413; x_wconf 85' lang='lat' dir='ltr'><strong>lpostea</strong></span> <span class='ocrx_word' id='word_1_358' title='bbox 1453 4342 1615 4395; x_wconf 88' lang='lat' dir='ltr'><strong>mutatum</strong></span> 
     </span>
     <span class='ocr_line' id='line_1_37' title="bbox 433 4430 1614 4521; baseline 0.004 -28"><span class='ocrx_word' id='word_1_359' title='bbox 433 4436 510 4495; x_wconf 81' lang='lat' dir='ltr'><strong>est.</strong></span> <span class='ocrx_word' id='word_1_360' title='bbox 536 4432 729 4515; x_wconf 87' lang='lat' dir='ltr'><strong>quibusdam</strong></span> <span class='ocrx_word' id='word_1_361' title='bbox 743 4430 820 4491; x_wconf 85' lang='lat' dir='ltr'><strong>locis</strong></span> <span class='ocrx_word' id='word_1_362' title='bbox 835 4436 873 4493; x_wconf 94' lang='lat' dir='ltr'><em>N</em></span> <span class='ocrx_word' id='word_1_363' title='bbox 882 4453 910 4513; x_wconf 93' lang='lat' dir='ltr'><strong>p</strong></span> <span class='ocrx_word' id='word_1_364' title='bbox 926 4442 1000 4494; x_wconf 88' lang='lat' dir='ltr'><strong>ante</strong></span> <span class='ocrx_word' id='word_1_365' title='bbox 1022 4456 1038 4496; x_wconf 89' lang='lat' dir='ltr'><strong>s</strong></span> <span class='ocrx_word' id='word_1_366' title='bbox 1062 4435 1216 4517; x_wconf 90' lang='lat' dir='ltr'><strong>scriptum</strong></span> <span class='ocrx_word' id='word_1_367' title='bbox 1239 4436 1382 4499; x_wconf 89' lang='lat' dir='ltr'><strong>seruauit</strong></span> <span class='ocrx_word' id='word_1_368' title='bbox 1403 4436 1462 4499; x_wconf 92' lang='lat' dir='ltr'><strong>ubi</strong></span> <span class='ocrx_word' id='word_1_369' title='bbox 1484 4435 1614 4521; x_wconf 83' lang='lat' dir='ltr'><strong>uuigol</strong></span> 
     </span>
     <span class='ocr_line' id='line_1_38' title="bbox 452 4536 1615 4623; baseline 0.009 -27"><span class='ocrx_word' id='word_1_370' title='bbox 452 4537 546 4598; x_wconf 89' lang='lat' dir='ltr'><strong>scribi</strong></span> <span class='ocrx_word' id='word_1_371' title='bbox 561 4538 642 4600; x_wconf 88' lang='lat' dir='ltr'><strong>solet</strong></span> <span class='ocrx_word' id='word_1_372' title='bbox 656 4536 691 4598; x_wconf 94' lang='lat' dir='ltr'><strong>in</strong></span> <span class='ocrx_word' id='word_1_373' title='bbox 707 4557 844 4617; x_wconf 81' lang='lat' dir='ltr'><strong>opsoeoe,</strong></span> <span class='ocrx_word' id='word_1_374' title='bbox 864 4558 1001 4618; x_wconf 77' lang='lat' dir='ltr'><strong>opressa,</strong></span> <span class='ocrx_word' id='word_1_375' title='bbox 1023 4539 1185 4622; x_wconf 79' lang='lat' dir='ltr'><strong>Opse‘dius,</strong></span> <span class='ocrx_word' id='word_1_376' title='bbox 1196 4541 1309 4623; x_wconf 80' lang='lat' dir='ltr'><strong>pleps,</strong></span> <span class='ocrx_word' id='word_1_377' title='bbox 1328 4551 1405 4604; x_wconf 87' lang='lat' dir='ltr'><strong>ante</strong></span> <span class='ocrx_word' id='word_1_378' title='bbox 1420 4551 1433 4606; x_wconf 85' lang='lat' dir='ltr'><strong>l</strong></span> <span class='ocrx_word' id='word_1_379' title='bbox 1447 4549 1615 4607; x_wconf 82' lang='lat' dir='ltr'><strong>seruarunt</strong></span> 
     </span>
     <span class='ocr_line' id='line_1_39' title="bbox 450 4639 1047 4722; baseline 0.007 -21"><span class='ocrx_word' id='word_1_380' title='bbox 450 4645 516 4703; x_wconf 91' lang='lat' dir='ltr'><strong>BN</strong></span> <span class='ocrx_word' id='word_1_381' title='bbox 527 4639 562 4701; x_wconf 91' lang='lat' dir='ltr'><strong>in</strong></span> <span class='ocrx_word' id='word_1_382' title='bbox 578 4642 706 4721; x_wconf 80' lang='lat' dir='ltr'><strong>optolit,</strong></span> <span class='ocrx_word' id='word_1_383' title='bbox 726 4640 760 4702; x_wconf 92' lang='lat' dir='ltr'><strong>in</strong></span> <span class='ocrx_word' id='word_1_384' title='bbox 776 4639 890 4722; x_wconf 79' lang='lat' dir='ltr'><strong>optrito</strong></span> <span class='ocrx_word' id='word_1_385' title='bbox 904 4647 934 4703; x_wconf 90' lang='lat' dir='ltr'><em>B</em></span> <span class='ocrx_word' id='word_1_386' title='bbox 949 4643 1047 4706; x_wconf 87' lang='lat' dir='ltr'><strong>solus.</strong></span> 
     </span>
    </p>
   </div>
   <div class='ocr_carea' id='block_1_3' title="bbox 0 0 1910 5534">
    <p class='ocr_par' dir='ltr' id='par_1_6' title="bbox 0 0 1910 5534">
     <span class='ocr_line' id='line_1_40' title="bbox 0 0 1910 5534; baseline 0 0"><span class='ocrx_word' id='word_1_387' title='bbox 0 0 1910 5534; x_wconf 95' lang='lat' dir='ltr'><strong> </strong></span> 
     </span>
    </p>
   </div>
  </div>
 </body>
</html>
