3809 5534
363 587 404 650 82
707 571 715 578 ’
858 603 928 647 1er
945 603 1043 646 rconr

362 753 548 818 incendium
575 762 612 815 ut
634 775 675 815 ne
703 752 839 836 primam
860 753 949 817 illius
982 756 1147 817 flammam
1176 762 1284 834 posset
1310 749 1473 814 sustinere
1494 760 1524 811 et

363 861 471 925 subita
491 869 595 921 morte
621 870 785 942 correptus
812 859 1042 923 hereditarium
1068 859 1103 921 in
1129 868 1272 942 posteros
1298 878 1374 920 suos
1401 858 1523 919 bellum

362 975 563 1050 propagaret.
594 965 762 1028 iudiciaria
783 967 853 1048 lege
869 967 1009 1031 Gracchi
1030 966 1208 1030 diuiserant
1229 964 1389 1047 populum
1405 965 1522 1027 Roma-

362 1094 443 1136 num
466 1082 498 1134 et
524 1070 691 1154 bicipitem
712 1094 753 1134 ex
774 1095 840 1135 una
860 1073 1003 1138 fecerant
1022 1072 1201 1136 ciuitatem.
1234 1068 1359 1152 equites
1382 1068 1522 1132 Romani

363 1190 456 1242 tanta
469 1187 628 1261 potestate
648 1177 799 1255 subnixi,
823 1188 860 1241 ut
875 1178 931 1260 qui
954 1178 1021 1241 fata
1039 1179 1247 1259 fortunasque
1266 1174 1454 1258 principum
1468 1175 1521 1237 ha·
1546 1192 1566 1239 5

363 1286 476 1349 berent
490 1283 526 1346 in
540 1305 657 1361 manu,
679 1284 865 1368 interceptis
888 1284 1102 1367 uectigalibus
1125 1283 1359 1367 peculabantur
1381 1304 1442 1345 suo
1457 1281 1522 1345 iure

363 1413 432 1454 rem
446 1389 610 1473 publicam
617 1414 627 1465 ;
646 1405 777 1454 senatus
793 1390 890 1453 exilio
905 1390 1044 1466 Metelli,
1061 1388 1269 1454 damnatione
1284 1387 1396 1451 Rutili
1411 1387 1521 1451 debili-

363 1508 451 1560 tatus
467 1518 561 1559 omne
577 1498 673 1560 decus
688 1496 865 1561 maiestatis
882 1496 1041 1559 amiserat.
1066 1496 1101 1558 iu
1116 1496 1178 1559 hoc
1192 1507 1280 1558 statu
1302 1517 1413 1557 rerum
1433 1516 1523 1577 pares

364 1602 478 1686 opibus
494 1602 610 1665 animis
625 1603 784 1686 dignitate
810 1607 891 1685 (una
905 1603 1063 1666 natalium
1079 1625 1098 1666 a
1112 1603 1220 1665 Druso
1235 1600 1411 1664 aemulatio
1426 1601 1523 1664 faces·

364 1708 480 1791 sierat)
497 1708 638 1792 equitem
653 1709 811 1773 Seruilius
830 1710 968 1793 Caepio,
993 1718 1141 1771 senatum
1156 1706 1273 1771 Liuius
1288 1707 1418 1770 Drusus
1435 1708 1521 1770 adse·
1546 1718 1566 1765 11

364 1836 442 1878 rere.
468 1814 562 1898 signa
577 1815 702 1898 aquilae
717 1826 750 1879 et
764 1815 886 1878 uexilla
900 1817 1049 1878 deerant:
1076 1825 1218 1877 ceterum
1241 1812 1286 1875 sic
1308 1813 1389 1876 urbe
1409 1812 1446 1875 in
1460 1834 1524 1876 una

365 1920 457 2004 quasi
472 1920 507 1981 in
521 1919 607 1983 binis
628 1920 739 1984 castris
755 1921 980 1985 dissidebatur.
1004 1920 1092 2004 pn’or
1107 1918 1228 2002 Caepio
1247 1919 1284 1981 in
1299 1929 1453 1982 senatum
1466 1918 1523 1982 im·

365 2037 443 2110 petu
458 2026 542 2088 t'acto
557 2049 627 2092 reos
642 2027 782 2091 ambitus
799 2028 957 2091 Scaurum
972 2039 1004 2090 et
1025 2026 1217 2109 Philippum
1230 2025 1394 2110 principes
1410 2025 1523 2089 nobili-

366 2132 441 2195 tatis
468 2134 575 2215 elegit.
612 2134 663 2198 his
685 2145 722 2197 ut
748 2133 888 2197 motibus
915 2134 1076 2196 resisteret
1102 2133 1241 2209 Drusus,
1269 2133 1401 2215 plebem
1426 2134 1524 2195 adse

366 2239 564 2305 Gracchanis
587 2238 734 2321 legibus,
762 2239 927 2323 isdemque
953 2239 1055 2303 socios
1081 2241 1123 2301 ad
1147 2238 1274 2321 plebem
1300 2260 1357 2321 spe
1382 2238 1522 2302 ciuitatis
1536 2246 1558 2297 11

365 2347 476 2411 traxit.
502 2355 591 2408 extat
606 2367 672 2408 uox
686 2344 805 2428 ipsius,
822 2345 907 2408 nihil
922 2366 956 2409 se
971 2347 1012 2409 ad
1032 2344 1238 2429 largitionem
1260 2344 1322 2407 ulli
1343 2345 1518 2429 reliquisse,

365 2452 430 2516 nisi
446 2452 474 2515 si
489 2451 560 2536 quis
576 2461 632 2513 aut
647 2472 784 2515 caenum
799 2451 941 2515 diuidere
964 2452 1064 2515 uellet
1078 2437 1136 2514 aut
1158 2451 1294 2513 caelum.
1320 2452 1435 2513 aderat
1456 2473 1519 2534 pro

365 2557 534 2642 mulgandi
550 2557 629 2632 dies,
647 2579 721 2620 cum
733 2557 840 2620 subito
856 2568 948 2630 tanta
959 2557 1010 2619 uis
1021 2556 1193 2620 hominum
1203 2556 1348 2639 undique
1365 2556 1518 2640 apparuit,

367 2676 404 2728 ut
419 2665 563 2729 hostium
577 2666 721 2727 aduentu
736 2665 864 2726 obsessa
886 2662 1001 2726 ciuitas
1021 2662 1195 2726 uideretur.
1220 2683 1319 2725 ausus
1341 2672 1455 2726 tamen
1474 2664 1520 2725 ob

366 2793 478 2854 rogare
492 2770 617 2852 legibus
633 2770 747 2832 consul
763 2767 1028 2852 Philippus,'sed
1043 2767 1279 2851 adprehensum
1292 2767 1444 2833 faucibus
1459 2768 1518 2831 uia-
1532 2774 1553 2824 11

367 2887 417 2939 tor
432 2897 497 2937 non
514 2886 589 2937 ante
605 2872 728 2936 dimisit
743 2895 841 2955 quam
863 2873 997 2957 sanguis
1017 2873 1054 2935 in
1074 2895 1109 2937 os
1132 2885 1165 2937 et
1187 2874 1296 2937 oculos
1318 2876 1518 2938 redundaret.

368 2981 413 3045 sic
429 3003 485 3063 per
502 2980 571 3042 uim
585 2980 669 3042 latae
686 2978 856 3062 iussaeque
878 2979 977 3063 leges.
1003 2990 1035 3043 et
1056 2978 1198 3063 pretium
1218 2979 1398 3062 rogationis
1419 2979 1520 3044 statim

368 3086 446 3150 socii
461 3086 606 3169 flagitare
614 3110 623 3161 ;
649 3107 724 3148 cum
738 3084 883 3169 inparem
898 3087 1044 3149 Drusum
1058 3106 1254 3168 aegrumque
1275 3108 1386 3149 rerum
1412 3098 1521 3150 temere

367 3203 528 3255 motarum
544 3202 683 3268 matura,
700 3191 787 3254 utin
802 3192 862 3255 tali
876 3189 1080 3269 discrimine,
1098 3214 1183 3255 mors
1199 3192 1346 3255 abstulit.
1378 3215 1439 3256 nec
1460 3192 1522 3255 ideo

367 3297 476 3361 minus
499 3296 577 3360 socii
600 3297 756 3380 promissa
778 3297 876 3360 Drusi
897 3320 916 3360 a
937 3299 1057 3383 populo
1079 3300 1227 3361 Romano
1247 3319 1414 3381 reposcere
1434 3296 1520 3361 armis
1533 3302 1554 3352 25

368 3404 573 3467 destiterunt.

373 3729 383 3777 1
399 3727 512 3796 primam
525 3726 599 3780 illius
611 3725 745 3780 flammam
757 3727 855 3797 scripsi
858 3747 868 3779 .-
886 3727 973 3799 prima
984 3727 1058 3781 illius
1070 3726 1177 3781 flamma
1187 3739 1231 3781 ΒΝ
1241 3730 1251 3799 11
1264 3728 1402 3785 sustinere
1421 3730 1454 3782 d.-
1472 3745 1522 3782 aus·

369 3810 1122 3883 tineriNNlssiudicariaBllg.gracchiNlllsedull
1142 3816 1157 3866 6
1177 3814 1236 3867 iure
1256 3815 1395 3869 -exilio
1419 3834 1461 3867 om
1482 3811 1520 3880 Ν1

371 3898 385 3945 7
400 3902 509 3948 senatus
523 3915 558 3957 g:
577 3895 677 3964 pilatus
689 3910 708 3950 Β
721 3900 729 3967 11
743 3897 830 3950 ruttili
842 3910 867 3951 N
877 3897 886 3968 11
900 3900 915 3949 8
934 3915 1029 3968 regum
1041 3909 1067 3950 N
1077 3898 1086 3968 1
1099 3902 1115 3951 9
1135 3915 1190 3952 una
1200 3899 1334 3952 natalium
1346 3917 1363 3951 a
1377 3898 1522 3969 Harpasa:

371 3978 484 4032 undeet
501 3978 633 4032 natalium
644 3993 676 4044 Β,
698 3982 770 4034 unde
790 3990 817 4035 et
835 3983 966 4038 nataliuio
978 3995 1003 4036 N
1014 3982 1022 4053 11
1035 3983 1189 4037 facessierat
1205 3983 1365 4053 Hauptr'ur:
1385 3986 1524 4037 accesserat

369 4064 434 4133 ΒΝ1
450 4068 480 4117 10
494 4064 642 4134 equitatem
652 4077 680 4128 Β,
695 4068 834 4135 aequitum
852 4080 877 4119 N
887 4069 896 4137 11
912 4071 940 4119 11
963 4069 1041 4138 signa
1060 4076 1087 4121 et
1105 4070 1211 4140 aquilae
1226 4069 1272 4139 Ν11
1291 4069 1409 4123 aderant
1426 4082 1452 4122 N
1468 4068 1477 4138 11
1499 4068 1523 4118 11

369 4155 468 4228 senatu
480 4162 499 4202 Β
512 4149 521 4220 11
538 4152 566 4200 15
580 4148 719 4220 isdemque
732 4152 811 4205 sociis
822 4165 857 4217 Β,
878 4154 979 4206 eisdem
993 4154 1080 4207 socios
1098 4166 1123 4207 N
1134 4155 1143 4225 11
1159 4158 1189 4207 16
1209 4153 1294 4208 traxit
1312 4152 1523 4209 Freinstanta:

368 4234 455 4287 erexit
465 4246 511 4287 ΒΝ
521 4233 530 4304 11
544 4241 608 4286 exat
619 4247 646 4298 Β,
662 4243 750 4289 exstat
762 4250 787 4290 N
797 4238 805 4308 11
822 4241 850 4290 11
865 4238 888 4291 si
901 4250 974 4291 omN
986 4239 995 4309 1
1010 4242 1040 4290 19
1052 4241 1110 4292 offis
1122 4256 1218 4310 rogare
1230 4238 1282 4291 sub
1293 4238 1406 4311 legibus
1412 4254 1440 4306 Β,
1454 4238 1523 4294 obre

368 4338 431 4389 gare
450 4320 484 4373 de
496 4318 605 4389 legibus
617 4332 642 4373 N
654 4320 662 4391 11
677 4323 705 4373 21
722 4321 817 4377 diuisit
828 4337 847 4377 Β
860 4324 869 4395 11
882 4324 911 4378 in
924 4341 970 4377 ore
983 4324 1076 4377 oculos
1087 4336 1112 4377 N
1122 4325 1131 4395 11
1145 4327 1178 4378 22
1195 4324 1240 4377 ius
1259 4342 1347 4395 aeque
1359 4339 1385 4379 N
1397 4328 1407 4398 11
1420 4324 1467 4380 sed
1476 4322 1516 4392 Ν1

370 4405 525 4474 rogationes
537 4416 557 4457 Β
571 4404 580 4475 11
594 4408 625 4458 23
637 4398 718 4459 sociis
736 4419 761 4459 N
771 4408 780 4477 11
794 4426 855 4462 cum
874 4409 983 4463 interim
1002 4409 1112 4463 drusum
1133 4410 1177 4481 Ν1
1191 4413 1224 4464 16
1236 4409 1407 4466 destiterunt
1418 4411 1523 4465 Namm-

371 4488 474 4543 rem'ua:
494 4488 634 4544 desierunt
645 4502 689 4543 ΒΝ
700 4491 708 4561 11
