3809 5534
434 602 472 664 12
919 618 988 661 ivm
1007 618 1103 661 mom

429 769 579 855 publiea?
595 779 756 852 postremo
772 767 911 851 Superbi
925 767 1013 830 illius
1028 767 1202 851 inportuna
1217 766 1393 829 dominatio
1408 789 1476 829 non
1490 767 1585 842 nihil,
1607 769 1627 827 l

430 876 530 939 immo
545 875 599 939 uel
614 873 791 957 plurimum
805 873 936 957 profuit.
962 872 1007 936 sie
1029 872 1116 935 enim
1138 872 1286 936 effectum
1306 884 1355 936 est
1380 883 1417 935 ut
1448 872 1587 957 agitatus

431 981 558 1044 iniuriis
574 980 713 1065 populus
729 979 906 1063 cupiditate
920 978 1079 1042 libertatis
1094 973 1348 1041 incenderetur.u
1589 978 1631 1061 [l]

621 1241 687 1301 III.
713 1240 773 1302 DE
789 1237 1060 1301 MVTATIONE
1076 1238 1155 1300 REI
1171 1238 1407 1301 PVBLICAE.

395 1452 415 1513 9
434 1451 540 1535 Igitur
554 1454 655 1513 Bruto
671 1449 897 1532 Collatinoque
913 1448 1048 1511 ducibus
1064 1459 1096 1510 et
1111 1448 1313 1525 auctoribus,
1338 1443 1477 1532 ‘'quibus
1493 1448 1636 1511 ultio-51

432 1579 508 1620 nem
531 1555 581 1619 sui
603 1555 742 1618 moriens
764 1566 913 1618 matrona
933 1556 1163 1629 mandauerat,
1194 1555 1333 1638 populus
1358 1556 1529 1617 Romanus
1551 1556 1589 1617 ad

432 1662 666 1726 uindicandum
697 1659 854 1723 libertatis
885 1682 922 1723 ac
949 1658 1125 1743 pudicitiae
1146 1660 1242 1721 decus
1266 1662 1406 1742 quodam
1425 1659 1522 1742 quasi
1543 1660 1588 1722 in-

433 1768 555 1832 stinctu
579 1768 712 1828 deorum
735 1765 914 1827 concitatus
935 1786 1044 1847 regem
1071 1773 1202 1847 repente
1224 1765 1390 1842 destituit,
1413 1766 1502 1828 bona
1517 1765 1588 1829 diri-

432 1872 500 1957 pit,
525 1893 639 1954 agrum
655 1870 756 1933 Marti
771 1891 830 1933 suo
845 1880 1028 1945 consecrat,
1053 1869 1222 1953 imperium
1239 1870 1273 1932 in
1289 1872 1418 1933 eosdem
1433 1872 1589 1935 libertatis

433 2000 510 2041 suae
525 1976 671 2039 uindices
687 1976 849 2052 transfert,
866 1985 992 2038 mutato
1008 1987 1116 2037 tamen
1131 1987 1164 2038 et
1177 1976 1247 2038 iure
1262 1986 1295 2038 et
1309 1976 1452 2039 nomine.
1471 1977 1588 2062 quippe
1606 1990 1631 2039 11

433 2105 473 2145 ex
488 2092 644 2167 perpetuo
661 2104 806 2145 annuum
820 2080 964 2165 placuit,
989 2102 1029 2142 cx
1052 2080 1208 2163 singulari
1231 2082 1369 2165 duplex,
1392 2104 1433 2146 ne
1448 2093 1589 2166 potestas

433 2187 606 2251 solitudine
621 2189 676 2250 uel
690 2210 780 2251 mora
801 2197 1076 2270 corrumperetur,
1103 2187 1313 2269 consulesque
1335 2188 1515 2270 appellauit
1535 2210 1589 2273 pro

432 2293 572 2375 regibuS,
589 2305 627 2355 ut
642 2293 808 2356 consulere
831 2314 865 2353 se
887 2290 1013 2354 ciuibus
1036 2292 1103 2354 suis
1123 2292 1238 2354 debere
1259 2292 1495 2356 meminissent.
1522 2305 1588 2357 tan-

432 2410 567 2480 tumque
582 2397 739 2459 libertatis
754 2419 858 2460 nouae
873 2396 1031 2479 gaudium
1045 2396 1236 2472 incesserat,
1261 2407 1299 2460 ut
1320 2398 1378 2460 uix
1392 2400 1513 2461 mutati
1529 2411 1588 2462 sta-

433 2514 485 2565 tus
510 2505 608 2565 fidem
637 2512 764 2586 caperet
785 2504 986 2585 alterumque
1009 2502 1275 2577 exconsulibus,
1302 2504 1474 2575 Lucretiae
1495 2505 1634 2568 mari-15

432 2620 520 2684 tum,
539 2618 668 2671 tantum
683 2610 723 2671 ob
738 2631 857 2672 nomen
872 2619 904 2671 et
919 2630 1022 2691 genus
1039 2608 1164 2691 regium
1178 2608 1318 2671 fascibus
1334 2610 1497 2693 abrogatis
1513 2614 1589 2675 urbe

431 2714 617 2776 dimitteret.
642 2715 751 2797 itaque
766 2714 961 2778 substitutus
977 2713 1134 2776 Horatius
1151 2714 1319 2777 Publicola
1335 2736 1464 2778 summo
1483 2717 1590 2780 studio

432 2819 564 2881 adnisus
579 2831 628 2880 est
643 2820 684 2881 ad
700 2822 882 2901 augendam
902 2819 996 2881 liberi
1018 2819 1131 2903 populi
1154 2819 1366 2882 maiestatem.
1392 2843 1470 2885 nam
1493 2833 1527 2886 et
1546 2825 1590 2886 fa-

431 2945 499 2987 sces
515 2924 545 2985 ei
559 2945 617 3005 pro
630 2922 778 2985 contione
791 2923 964 2999 summisit,
979 2934 1012 2986 et
1023 2924 1074 2986 ius
1085 2925 1324 3009 prouocationis
1336 2927 1493 2991 aduersus
1506 2928 1590 3012 ipsos

431 3028 538 3104 dedit,
565 3039 597 3090 et
619 3050 660 3090 ne
681 3028 786 3111 specie
819 3029 900 3092 arcis
931 3029 1105 3092 offenderet
1136 3029 1307 3094 eminentis
1337 3032 1426 3096 aedis
1456 3055 1533 3098 suas
1555 3034 1588 3096 in
1609 3044 1637 3094 111

430 3134 528 3217 plana
552 3134 723 3196 summisit.
747 3138 870 3197 Brutus
885 3156 963 3198 uero
984 3135 1088 3198 fauori
1109 3135 1230 3199 ciuium
1253 3136 1351 3199 etiam
1373 3139 1490 3202 domus
1515 3161 1590 3203 suae

430 3240 520 3303 clade
536 3250 568 3301 et
583 3239 753 3321 parricidio
768 3240 950 3303 uelificatus
967 3251 1026 3303 est.
1052 3241 1171 3325 quippe
1193 3264 1268 3304 eum
1291 3243 1421 3306 studere
1436 3266 1589 3308 reuocan-

430 3344 530 3408 disin
544 3345 658 3407 urbem
678 3345 806 3427 regibus
828 3346 945 3436 liberos
962 3368 1035 3409 suos
1058 3347 1283 3431 comperisset,
1304 3350 1466 3431 protraxit
1487 3351 1524 3413 in
1545 3352 1590 3415 fo

428 3473 502 3513 rum
517 3462 550 3513 et
565 3450 715 3513 contione
730 3451 837 3514 media
851 3451 953 3533 uirgis
969 3450 1102 3527 cecidit,
1129 3452 1233 3514 securi
1247 3453 1424 3534 percussit,
1441 3467 1481 3518 ut
1495 3457 1591 3540 plane

428 3555 577 3638 publicus
592 3577 709 3638 parens
724 3556 759 3618 in
773 3558 882 3619 locum
896 3556 1071 3620 liberorum
1086 3559 1255 3641 adoptasse
1276 3557 1337 3621 sibi
1357 3562 1520 3643 populum
1542 3562 1588 3624 ui-
1608 3573 1637 3621 25

429 3664 567 3724 deretur.

514 3767 609 3829 Liber
624 3768 690 3829 iam
705 3768 782 3829 hinc
803 3770 942 3852 populus
966 3770 1136 3832 Romanus
1158 3769 1262 3852 prima
1284 3771 1441 3835 aduersus
1465 3785 1589 3837 exteros

430 3892 519 3932 arma
532 3893 590 3954 pro
606 3873 753 3935 libertate
769 3873 934 3956 corripuit,
952 3875 1028 3936 mox
1046 3897 1106 3958 pro
1121 3874 1255 3952 finibus,
1273 3876 1391 3939 deinde
1406 3900 1468 3961 pro
1484 3880 1587 3955 sociis,

430 4164 444 4210 3
458 4158 618 4212 incendetur
630 4171 650 4211 Β
663 4159 672 4228 11
680 4164 744 4227 post
755 4158 943 4212 incenderetur
956 4161 986 4212 de
998 4160 1053 4212 sicas
1064 4162 1193 4230 quaedam
1206 4161 1350 4231 interponit
1360 4176 1376 4215 Ι
1388 4163 1396 4232 11
1411 4168 1426 4216 5
1440 4166 1589 4218 conlatino-

429 4261 481 4313 que
493 4256 518 4296 N
528 4244 537 4315 11
551 4246 566 4295 8
579 4243 698 4297 distituit
710 4255 729 4293 Β
742 4242 750 4312 11
767 4246 796 4295 111
810 4251 837 4295 et
849 4244 938 4297 indice
951 4253 979 4297 et
991 4246 1099 4298 nomine
1118 4259 1142 4297 N
1153 4246 1161 4315 11
1179 4249 1204 4297 11
1222 4265 1343 4301 annuum
1355 4262 1385 4301 1.-
1399 4268 1503 4305 annum
1516 4263 1559 4304 BN
1568 4249 1576 4318 11

429 4335 456 4380 et
468 4328 625 4397 singularis
638 4328 647 4397 11
663 4331 692 4379 13
707 4345 735 4380 se
748 4346 788 4379 om
801 4328 855 4398 Β111
874 4334 901 4381 14
915 4330 1035 4384 libertati
1045 4344 1065 4384 Β
1078 4331 1086 4400 11
1100 4331 1252 4385 incenserat
1262 4345 1290 4397 Β,
1305 4333 1497 4389 intercesserat
1509 4350 1523 4388 1
1535 4337 1543 4405 11
1560 4338 1587 4386 15

429 4422 554 4483 caperent
565 4427 603 4467 IN
613 4413 622 4484 11
635 4412 764 4466 lucretiae
776 4414 902 4466 meritum
915 4434 957 4467 om
968 4428 994 4467 N
1004 4416 1012 4485 11
1029 4418 1058 4468 16
1067 4415 1236 4486 obrogatisN
1247 4418 1255 4486 11
1269 4417 1363 4471 urbem
1373 4432 1419 4471 BN
1429 4421 1438 4489 11
1457 4426 1485 4473 17
1500 4421 1587 4474 dimit-

429 4503 516 4550 terent
527 4511 565 4551 IN
576 4499 584 4569 11
599 4499 700 4551 oratius
712 4510 768 4550 BJN
780 4498 788 4564 11
803 4516 835 4550 ex
844 4516 948 4550 summo
962 4512 986 4551 N
997 4502 1005 4569 11
1022 4503 1052 4552 18
1065 4500 1176 4552 annisus
1188 4514 1209 4565 1,
1225 4502 1366 4556 ammissus
1378 4517 1398 4556 Β
1411 4506 1420 4576 11
1433 4506 1588 4577 augendum

427 4592 446 4631 Β
459 4578 468 4649 11
481 4590 679 4650 magestatema
692 4583 700 4653 11
717 4582 880 4636 ltladuersos
895 4584 909 4635 b
923 4584 931 4653 11
945 4589 977 4635 2ι1
991 4585 1093 4654 speeies
1105 4598 1119 4636 1
1131 4586 1139 4653 11
1153 4586 1312 4638 aeminentis
1324 4588 1399 4640 aedis
1413 4588 1438 4653 b,
1453 4591 1586 4643 aeminen-

428 4672 468 4715 tes
483 4665 562 4717 aedes
574 4679 593 4717 Β
606 4671 614 4735 11
629 4672 657 4719 21
674 4670 767 4738 planas
779 4680 798 4719 Β
812 4668 819 4737 11
834 4669 904 4722 cium
919 4670 933 4721 b
947 4670 955 4739 11
970 4674 1001 4722 23
1016 4670 1101 4722 urbelr
1114 4670 1122 4739 11
1137 4674 1167 4722 2-1
1182 4672 1323 4741 securique
1334 4686 1357 4737 Ι,
1372 4681 1400 4726 et
1413 4676 1502 4727 securi
1513 4687 1537 4727 N
1546 4673 1555 4744 11
