3809 5534
459 611 499 672 64
951 624 1021 669 svm
1038 625 1135 669 mom

460 799 528 842 sam
542 774 673 860 quidem
687 773 775 837 illius·
790 773 868 837 belli
883 777 1106 857 praetenderat
1122 785 1201 857 aput
1216 774 1366 839 Cassium
1380 775 1540 858 legatum,
1563 776 1616 838 ad·

461 882 589 948 trectari
615 880 767 944 terminos
793 902 867 944 suos
894 902 913 942 a
937 879 1115 945 Nicomede
1139 880 1302 964 Bithyn03
1341 890 1487 943 ceterum
1513 881 1616 944 elatus

460 989 576 1054 animis
590 987 778 1069 ingentibus
794 985 891 1048 Asiae
906 985 1005 1049 totins
1021 996 1071 1061 et,
1090 985 1117 1048 si
1132 997 1258 1069 posset,
1275 987 1424 1069 Europae
1439 986 1615 1069 cupiditate

460 1092 627 1176 flagrabat.
663 1114 753 1174 spem
772 1113 809 1154 ac
830 1090 984 1154 fiduciam
1006 1092 1126 1155 dabant
1147 1104 1258 1155 nostra
1278 1092 1371 1154 uitia.
1408 1092 1531 1175 quippe
1544 1113 1616 1154 cum

461 1197 612 1262 ciuilibus
627 1198 721 1261 bellis
737 1196 1012 1279 distringercmur,
1029 1196 1191 1261 inuitabat
1205 1197 1346 1274 occasio,
1369 1199 1561 1280 nudumque
1575 1193 1617 1259 la·
1652 1218 1660 1256 1

462 1316 514 1367 tus
536 1302 663 1386 imperii
685 1303 897 1366 ostendebant
923 1302 1036 1384 procul
1059 1303 1182 1367 Marius
1206 1302 1298 1366 Sulla
1325 1302 1499 1366 Sertorius.
1535 1302 1616 1365 inter

461 1410 541 1472 haec
556 1409 602 1472 rei
616 1407 764 1492 publicae
778 1408 916 1470 uulnera
930 1418 963 1470 et
978 1408 1036 1470 hos
1053 1410 1213 1472 tumultus
1228 1420 1360 1492 repente
1375 1408 1468 1492 quasi
1483 1418 1615 1491 ,captato

463 1527 604 1598 tempore
627 1514 662 1576 in
676 1515 776 1578 lassos
799 1513 896 1576 simul
920 1523 1015 1595 atque
1036 1513 1196 1577 districtos
1222 1514 1349 1577 subitus
1372 1515 1467 1577 turbo
1490 1512 1615 1578 Pontici

462 1621 540 1684 belli
556 1622 594 1684 ab
610 1618 726 1682 ultima
740 1618 844 1681 ueluti
859 1618 989 1700 specula
1004 1618 1230 1700 septentrionis
1246 1619 1363 1702 erupit.

549 1726 677 1790 Primus
694 1723 803 1786 statim
818 1723 958 1806 impetus
979 1724 1057 1787 belli
1078 1723 1267 1807 Bithyniam
1289 1724 1417 1806 rapuit,
1441 1724 1523 1788 Asia
1544 1724 1614 1787 inde
1638 1737 1660 1785 11

464 1833 534 1916 pari
550 1844 666 1895 terrore
682 1840 826 1911 correpta
848 1840 914 1905 est,
936 1851 997 1891 nec
1019 1839 1209 1893 cunctanter
1231 1831 1272 1894 ad
1292 1852 1402 1914 regem
1423 1831 1463 1892 ab
1486 1830 1615 1893 urbibus

465 1937 583 2001 nostris
597 1934 787 2019 populisque
802 1934 960 1997 descitum
976 1945 1035 1997 est.
1060 1938 1188 2012 aderat,
1205 1937 1360 2012 instabat,
1377 1935 1516 1999 saeuitia
1530 1934 1615 2018 quasi

467 2044 587 2106 uirtute
603 2042 763 2104 utebatur.
778 2062 855 2102 nam
870 2040 947 2123 qnid
963 2041 1101 2105 atrocius
1117 2064 1182 2104 uno
1198 2042 1267 2105 eius
1283 2041 1401 2117 edicto,
1418 2063 1496 2104 cum
1510 2062 1613 2105 omnes

467 2149 523 2232 qui
543 2149 578 2211 in
598 2147 676 2210 Asia
698 2147 803 2210 forent
825 2148 991 2209 Romanae
1012 2145 1154 2209 ciuitatis
1174 2147 1321 2211 homines
1343 2146 1485 2209 interfici
1508 2145 1613 2209 iussit?

467 2267 538 2318 tum
553 2253 682 2337 quidem
696 2254 810 2315 domus
826 2252 947 2334 templa
963 2262 994 2315 et
1009 2273 1093 2327 arae,
1110 2252 1254 2315 humana
1269 2254 1377 2316 omnia
1388 2254 1495 2335 adque
1510 2251 1613 2315 diuina
1626 2257 1645 2308 lt

467 2362 536 2423 iura
558 2359 679 2422 uiolata
700 2368 788 2420 sunt.
824 2356 953 2419 sedhic
980 2369 1079 2420 terror
1102 2357 1198 2420 Asiae
1219 2360 1383 2441 Europam
1405 2380 1534 2442 quoque
1554 2356 1613 2440 regi

468 2466 640 2549 aperiebat.
676 2463 784 2545 itaque
809 2462 915 2525 missis
947 2463 1106 2525 Archelao
1132 2463 1409 2547 Neoptolemoque
1439 2462 1612 2546 praefectis,

468 2580 602 2654 excepta
616 2569 751 2644 Rhodo,
776 2589 857 2650 quae
872 2589 929 2650 pro
944 2567 1037 2631 nobis
1052 2567 1175 2630 firmius
1191 2568 1300 2644 stetit,
1324 2580 1449 2632 ceterae
1466 2570 1613 2653 Cyclades

469 2678 567 2740 Delos
592 2676 724 2738 Euboea
746 2686 778 2737 et
803 2674 911 2756 ipsum
933 2673 1089 2737 Graeciae
1110 2675 1207 2736 decus
1236 2674 1385 2738 Athenae
1413 2676 1612 2738 tenebantur.

469 2783 600 2846 Italiam
619 2781 685 2843 iam
714 2780 879 2863 ipsamque
909 2780 1023 2842 urbem
1045 2781 1184 2841 Romam
1203 2779 1310 2862 regius
1339 2791 1440 2844 terror
1470 2782 1647 2845 adflabatt

469 2889 577 2969 itaque
592 2889 631 2949 L.
651 2886 742 2948 Sulla
764 2885 914 2959 festinat,
939 2884 991 2945 uir
1011 2884 1107 2947 armis
1130 2884 1290 2967 optimus,
1313 2886 1446 2969 parique
1469 2886 1616 2951 uiolentia

470 3002 617 3055 ruentem
632 2989 766 3052 ulterius
781 2989 908 3053 hostem
927 2990 1039 3052 eadem
1058 2989 1151 3072 quasi
1171 3012 1270 3053 manu
1292 2992 1446 3074 reppulit.
1472 2994 1615 3077 primum·

469 3120 531 3181 que
546 3096 690 3158 Athenas
706 3096 819 3158 urbem
834 3134 874 3143 -
890 3095 962 3178 quis
978 3095 1138 3158 crederet?
1154 3133 1196 3143 ·—
1211 3096 1342 3178 frugum
1356 3109 1546 3179 parentem,
1570 3098 1615 3160 ob·

470 3203 594 3266 sidione
609 3224 645 3264 ao
660 3202 743 3264 fame
759 3203 799 3264 ad
814 3201 973 3263 humanos
995 3201 1082 3263 cibos
1105 3200 1268 3282 conpulit,
1293 3224 1370 3264 mox
1393 3204 1550 3268 subrutus
1569 3202 1614 3267 Pi-

470 3308 535 3372 raei
550 3318 660 3391 portus
675 3329 732 3370 sex
747 3316 803 3369 aut
818 3306 956 3390 amplius
978 3305 1078 3368 muris
1101 3305 1237 3368 cinctus
1262 3317 1435 3390 postquam
1459 3311 1614 3374 domuerat
1626 3312 1646 3363 2⁵

470 3412 701 3497 ingratissimos
717 3411 905 3488 hominum,
924 3423 1051 3486 tamen,
1069 3422 1105 3473 ut
1121 3412 1189 3493 ipse
1205 3411 1303 3487 dixit,
1320 3412 1355 3474 in
1370 3414 1531 3478 honorem
1544 3435 1614 3477 mor·

470 3532 600 3583 tuorum
615 3518 710 3580 sacris
733 3517 799 3580 suis
821 3518 989 3599 famaeque
1011 3516 1155 3579 donauit.
1180 3538 1257 3578 mox
1279 3539 1353 3579 cum
1374 3520 1512 3584 Euboea
1532 3531 1615 3603 atquo

436 3669 441 3679 .
469 3623 602 3687 Boeotia
635 3621 793 3705 praesidia
822 3622 905 3705 regis
937 3622 1131 3705 depulisset,
1163 3622 1267 3686 or‘nnis
1297 3623 1405 3705 copias
1435 3647 1505 3690 uno
1539 3624 1614 3709 apud

471 3728 698 3803 Chaeroniam,
715 3728 801 3809 apud
808 3728 1034 3791 Orchomenon
1043 3727 1143 3790 altero
1153 3727 1239 3790 bello
1250 3727 1434 3811 dissipauit,
1453 3732 1615 3814 statimque

472 4019 486 4067 2
500 4012 696 4084 1111111110οΝ11
709 4014 724 4061 4
738 4010 871 4081 fraglabat
881 4027 907 4066 N
917 4014 925 4084 11
939 4018 954 4066 5
969 4013 1075 4067 ciuibus
1087 4028 1120 4079 Β,
1141 4016 1267 4070 ciuilibus
1285 4021 1300 4070 2
1314 4036 1397 4071 manu
1415 4020 1424 4090 11
1446 4019 1614 4088 destringere

471 4116 532 4151 mur
545 4098 568 4163 b,
584 4089 771 4164 disiungdinur
781 4108 804 4147 N
817 4098 825 4166 11
838 4097 944 4167 imperii
956 4098 1028 4151 latus
1040 4113 1065 4152 N
1076 4100 1084 4169 11
1098 4105 1113 4153 6
1126 4102 1222 4171 procul
1233 4115 1260 4167 Β,
1275 4102 1404 4172 proculus
1417 4108 1526 4158 2111111111
1537 4104 1546 4173 1
1558 4099 1615 4172 sylla

470 4197 514 4237 ΒΝ
524 4184 533 4255 11
548 4186 562 4236 8
575 4184 646 4236 lasso
658 4193 677 4233 Β
690 4181 699 4251 11
712 4179 837 4233 subditus
847 4194 867 4233 Β
886 4183 894 4251 11
914 4186 929 4235 9
943 4183 988 4235 uel
1002 4184 1064 4236 utili
1083 4186 1192 4255 specula
1201 4199 1236 4250 Β,
1258 4187 1345 4240 ueluti
1363 4190 1523 4258 spectacula
1537 4199 1561 4241 Ν
1569 4187 1578 4256 1
1591 4185 1615 4235 1⁰

469 4268 622 4340 bythiniam
633 4278 653 4318 Β
665 4265 674 4335 11
691 4269 720 4317 13
734 4271 765 4316 ut
779 4282 871 4317 omnes
883 4278 908 4317 Ν
919 4267 926 4336 11
943 4269 1143 4323 1410111αηί1οΒ
1156 4271 1165 4341 11
1181 4275 1210 4323 11
1224 4271 1390 4343 11101111111111
1407 4276 1438 4325 18
1452 4268 1613 4336 0110111111Ν1

471 4358 501 4407 21
516 4354 584 4424 sylla
595 4364 639 4405 ΒΝ
650 4351 658 4421 11
673 4352 704 4402 22
718 4348 811 4401 eadem
822 4350 979 4419 Houptius:
999 4353 1115 4421 quadam
1126 4368 1170 4408 ΒΝ
1181 4356 1190 4426 11
1203 4356 1369 4426 primamque
1385 4370 1406 4410 Β
1419 4358 1428 4427 11
1441 4352 1570 4411 subrutds
1579 4352 1613 4421 111

471 4442 503 4490 25
516 4444 596 4508 portu
602 4449 634 4501 N,
651 4433 814 4489 annotarim
827 4434 991 4505 subiunpitp
1005 4441 1046 4502 66,
1059 4441 1090 4490 16
1104 4440 1204 4493 colchis
1216 4448 1296 4494 tenus
1304 4462 1311 4504 3
1320 4446 1416 4508 postea
1428 4435 1616 4510 additquaett

471 4522 565 4574 (11111111
580 4540 602 4590 p
620 4525 662 4585 68,
681 4527 695 4573 5
715 4521 724 4591 11
742 4537 790 4572 sex
809 4537 916 4589 quoque
928 4526 964 4577 tet
980 4521 1097 4591 amplius
1114 4524 1199 4577 muris
1216 4532 1358 4594 postquam
1376 4538 1403 4577 Ν
1420 4527 1429 4596 11
1449 4531 1484 4581 26
1503 4522 1617 4595 ingratis·

471 4605 551 4658 simos
576 4606 715 4659 hominum
734 4613 765 4658 ut
785 4605 843 4674 ipse
856 4604 927 4658 dixit
944 4605 973 4657 in
991 4607 1121 4659 honorem
1140 4615 1231 4661 tamen
1248 4617 1417 4662 mortuomm
1428 4611 1617 4681 Ν112711011111·

471 4689 512 4741 uit
523 4702 548 4741 N
558 4690 566 4759 11
580 4692 612 4743 28
624 4690 715 4745 boetia
726 4702 745 4743 N
758 4690 767 4759 11
781 4689 929 4759 depulisset
942 4708 976 4752 ς.·
990 4690 1147 4759 dispulisset
1156 4705 1184 4757 Β,
1200 4693 1382 4763 discipulisset
1392 4706 1419 4747 N
1429 4695 1439 4765 11
