3809 5534
482 591 522 653 94
968 610 1038 654 1v1.1
1054 611 1152 655 raoni

482 760 669 844 agentibus,
687 762 804 823 Cacsar
818 763 1016 842 parcendum
1030 761 1201 845 dignitati,
1218 764 1300 828 Cato
1315 764 1637 829 animaduertendum

483 888 540 949 pro
555 866 671 930 scelere
687 867 871 929 censebant.
900 888 997 949 quarn
1012 867 1206 931 sententiam
1221 871 1339 935 secutis
1355 872 1509 936 omnibus
1524 872 1560 935 in
1575 894 1639 936 car-

481 995 551 1036 cere
571 972 747 1056 parricidae
767 974 1023 1057 strangulantur.
1048 975 1197 1058 quamuis
1219 987 1309 1059 parte
1330 978 1565 1043 coniurationis
1585 1001 1637 1062 op-

482 1101 602 1163 pressa,
620 1090 728 1141 tamen
744 1079 783 1141 ab
798 1079 927 1163 incepto
941 1080 1085 1143 Catilina
1098 1104 1166 1145 non
1180 1082 1305 1145 destitit
1313 1107 1322 1159 ;
1348 1083 1478 1148 infestis
1493 1086 1534 1148 ab
1546 1086 1636 1152 Etru-

421 1242 422 1246 ,
481 1186 529 1248 ria
555 1185 656 1269 signis
680 1184 818 1268 patriam
842 1197 957 1270 petens
983 1187 1080 1251 obuio
1101 1188 1238 1251 Antonii
1259 1189 1404 1252 exercitu
1430 1191 1651 1274 opprimitur.s

482 1313 579 1375 quam
604 1292 753 1354 atrociter
778 1292 967 1356 dimicatum
993 1294 1052 1370 sit,
1080 1294 1187 1357 exitus
1214 1295 1334 1358 docuit.
1370 1318 1470 1361 nemo
1497 1298 1624 1364 hostium

480 1400 566 1463 bello
588 1397 763 1481 superfuit3
793 1420 888 1481 quem
910 1399 982 1483 quis
1006 1400 1040 1462 in
1062 1402 1239 1483 pugnando
1259 1413 1387 1485 ceperat
1408 1401 1536 1480 locum,
1563 1425 1620 1469 eun

482 1505 600 1569 amissa
617 1504 725 1568 anima
744 1526 874 1587 corpore
892 1506 1033 1589 tegebat.
1064 1506 1207 1570 Catilina
1230 1506 1327 1591 longe
1346 1530 1365 1571 a
1384 1509 1454 1573 suis
1481 1510 1563 1573 inter
1577 1510 1616 1574 ho·
1660 1563 1661 1580 ,

481 1612 581 1676 stium
596 1614 752 1675 cadauera
765 1621 909 1694 repertus
924 1622 985 1687 est,
1001 1612 1218 1695 pulcherrima
1230 1624 1344 1690 morte,
1362 1614 1390 1677 si
1404 1636 1464 1698 pro
1478 1617 1577 1701 patria
1584 1616 1615 1681 sic
1660 1595 1661 1606 ¹

481 1718 682 1782 concidisset.
1627 1732 1645 1782 lt

558 1962 661 2024 XIII.
685 1962 871 2025 BELLVM
887 1962 1043 2027 CIVILE
1059 1961 1277 2025 CAESARIS
1293 1962 1351 2026 ET
1366 1965 1551 2029 POMPEI.
1659 1965 1661 2008 l

364 2198 433 2251 1111,
451 2174 555 2237 llam
581 2180 649 2234 toto
675 2170 748 2233 orbe
770 2191 873 2253 paene
894 2179 1009 2252 pacato
1028 2169 1133 2233 mains
1155 2181 1223 2233 erat
1245 2169 1417 2253 imperium
1438 2173 1614 2245 Romanum,

483 2300 580 2362 quam
602 2286 640 2339 ut
661 2276 738 2340 ullis
759 2276 876 2339 exteris
899 2276 1024 2339 uiribus
1047 2276 1184 2359 opprimi
1205 2274 1324 2360 p'osset.
1357 2276 1469 2361 itaque
1489 2278 1616 2342 inuideas

480 2385 609 2447 fortuna
635 2381 773 2465 principi
798 2381 945 2464 gentium
971 2382 1091 2464 populo
1117 2382 1225 2465 ipsum
1250 2383 1344 2445 illum
1371 2383 1408 2446 in
1429 2385 1565 2448 exitium
1581 2381 1617 2447 sui

481 2488 628 2552 armauit.
648 2511 684 2551 ac
696 2488 844 2551 Mariana
859 2487 989 2571 quidem
1000 2488 1212 2572 Cinnanaque
1227 2488 1330 2552 rabies
1345 2488 1412 2552 iam
1427 2489 1515 2554 intra
1527 2492 1618 2554 urbem
1631 2498 1650 2547 15

479 2597 687 2680 praeluserat,
705 2594 796 2678 quasi
812 2594 839 2657 si
855 2593 1063 2677 experiretur.
1083 2594 1218 2657 Sullana
1232 2606 1407 2677 tempestas
1422 2596 1536 2674 latius,
1552 2597 1619 2660 intra

480 2703 610 2766 Italiam
626 2712 733 2765 tamen
749 2704 950 2765 detonuerat.
977 2684 1122 2764 Caesaris
1143 2700 1231 2763 furor
1254 2712 1349 2785 atque
1372 2703 1511 2787 Pompei
1525 2704 1620 2766 urben

481 2809 611 2872 Italiam
626 2819 737 2892 gentes
754 2805 922 2882 nationes,
944 2817 1051 2869 totum
1072 2828 1135 2889 qua
1155 2808 1286 2890 patebat
1305 2807 1480 2890 imperium
1501 2811 1621 2893 quodam

481 2915 572 2998 qnasi
588 2913 712 2977 diluuio
728 2923 760 2975 et
774 2912 1029 2975 inflammatione
1045 2912 1218 2995 corripuit,
1236 2915 1314 2976 adeo
1329 2924 1368 2976 ut
1383 2935 1452 2977 non
1466 2927 1553 2979 recte
1567 2927 1620 2979 tan·

479 3033 550 3084 tum
565 3019 661 3083 ciuile
677 3019 814 3095 dicatur,
832 3040 868 3080 ac
883 3037 929 3080 ne
941 3017 1057 3081 sociale
1073 3018 1214 3101 quidem,
1234 3021 1289 3083 scd
1304 3042 1364 3083 nec
1380 3031 1563 3099 externum,
1578 3020 1620 3085 scd
1633 3026 1653 3078 11

478 3127 585 3211 potius
611 3147 780 3189 commune
806 3126 968 3208 quoddam
993 3145 1033 3186 ex
1055 3123 1203 3187 omnibus
1225 3134 1257 3187 et
1281 3126 1354 3208 plus
1376 3148 1476 3210 qnam
1501 3129 1619 3191 bellun.

479 3234 598 3318 quippe
614 3232 641 3296 si
649 3234 745 3295 duces
762 3232 830 3293 eius
846 3229 1010 3313 inspicias,
1029 3240 1116 3292 totus
1129 3241 1260 3293 senatus
1272 3230 1307 3293 in
1319 3233 1469 3315 partibus
1478 3260 1487 3310 ;
1507 3234 1535 3298 si
1550 3256 1620 3298 exer-

478 3339 580 3416 citus,
596 3338 674 3402 hinc
690 3336 841 3400 undecim
855 3335 1019 3418 legiones,
1036 3334 1112 3398 inde
1128 3337 1237 3399 decem
1252 3348 1285 3400 et
1299 3350 1389 3415 octo‘,
1406 3340 1468 3404 flos
1484 3340 1586 3404 omnis
1597 3349 1621 3401 et

478 3448 574 3509 robur
589 3444 697 3510 Italici
712 3442 880 3527 sanguinis
889 3466 899 3517 ;
915 3440 941 3504 si
949 3440 1072 3504 auxilia
1079 3441 1250 3519 sociorum,
1270 3442 1347 3506 hinc
1363 3445 1487 3509 Gallici
1504 3448 1620 3511 Germa-

477 3553 574 3637 nique
589 3552 738 3628 dilectus,
753 3550 829 3613 inde
838 3547 1010 3611 Deiotarus
1016 3546 1247 3612 Ariobarzanes
1254 3550 1528 3617 Tarcondimotus
1537 3554 1619 3637 Cotys
1633 3560 1654 3609 11

478 3670 509 3721 et
530 3658 766 3743 Rhascypolis,
790 3677 884 3719 omne
908 3652 1065 3717 Thraciae
1088 3655 1310 3737 Cappadociae
1326 3658 1542 3723 Macedoniae
1557 3657 1620 3724 Cili·

478 3763 545 3826 ciac
561 3764 716 3827 Graeciae
730 3762 894 3844 totiusque
906 3761 1005 3823 robur
1016 3759 1166 3835 orientia
1192 3761 1219 3824 si
1234 3785 1356 3826 moram
1370 3764 1464 3849 belli,
1483 3777 1621 3848 quattuor

481 4008 490 4056 1
507 4004 770 4057 animaduertentum
781 4014 806 4055 N
817 4004 825 4072 11
840 4007 854 4055 3
867 4020 948 4072 quam
962 4002 1018 4055 suis
1031 4015 1049 4055 B
1061 4003 1098 4074 14
1115 4004 1234 4057 catillina
1245 4017 1270 4056 N
1281 4005 1290 4074 11
1303 4005 1352 4059 sed
1370 4005 1480 4060 infestis
1499 4010 1545 4079 Ν1
1557 4014 1571 4061 5
1585 4024 1621 4059 an·

477 4091 553 4145 tonia
571 4102 591 4143 Ν
603 4089 612 4161 11
626 4092 640 4141 7
654 4101 765 4159 quamn
777 4087 786 4157 11
800 4100 897 4140 eumN
908 4088 916 4157 11
930 4090 945 4139 8
959 4088 1133 4159 οαῐίὶὶίιιαΝ11
1147 4092 1163 4141 9
1179 4089 1360 4158 pulcherrima
1377 4110 1420 4144 om
1439 4106 1460 4146 a
1473 4093 1521 4164 usi
1538 4095 1621 4164 sicpro

477 4177 564 4248 patria
582 4176 607 4229 si
619 4174 833 4243 concidissetall
849 4176 875 4226 11
892 4186 990 4227 c1v1aa
1007 4193 1049 4227 om
1067 4187 1093 4227 N
1109 4175 1118 4245 11
1142 4178 1170 4227 12
1188 4192 1274 4245 paene
1292 4182 1351 4229 toto
1370 4177 1438 4230 orbe
1456 4191 1481 4231 N
1501 4180 1511 4252 11
1529 4185 1622 4252 peracto

475 4263 626 4335 scripserim
639 4261 648 4332 11
665 4264 694 4314 13
707 4259 761 4312 illis
782 4259 900 4312 externis
917 4258 961 4328 Ν1
977 4262 1007 4310 ll
1027 4259 1129 4311 exitum
1148 4259 1163 4310 b
1183 4260 1191 4329 11
1209 4277 1289 4313 suum
1305 4262 1349 4333 Ν1
1366 4266 1397 4315 15
1409 4262 1466 4317 iam
1483 4284 1529 4319 oen
1545 4266 1622 4334 Ν116

476 4349 642 4421 praeluserat
661 4348 809 4399 Graiam:
827 4345 1008 4414 praecluserat
1023 4357 1067 4400 BN
1082 4345 1091 4415 11
1104 4346 1128 4398 si
1138 4364 1181 4398 om
1199 4358 1226 4400 N
1235 4345 1244 4416 11
1257 4346 1353 4401 sillam
1364 4361 1396 4415 a,
1419 4351 1529 4421 syllana
1544 4353 1585 4423 Nl
1597 4352 1621 4402 ls

476 4442 618 4504 totumque
629 4432 736 4503 potibat
746 4444 775 4495 a,
790 4437 878 4483 totum
891 4430 1008 4501 denique
1021 4449 1075 4501 qua
1086 4431 1196 4502 patebat
1205 4444 1231 4486 N
1241 4432 1250 4502 11
1264 4436 1296 4485 20
1309 4433 1358 4487 sed
1369 4452 1404 4489 ne
1416 4449 1437 4489 a
1450 4437 1460 4507 1
1473 4440 1507 4491 24
1520 4434 1623 4492 romau-

476 4538 528 4590 que
540 4533 559 4572 Β
572 4520 580 4590 11
594 4524 625 4572 25
640 4519 761 4572 delectus
772 4529 792 4570 Ν
804 4516 813 4586 11
827 4516 977 4568 deiottarus
994 4528 1014 4569 N
1026 4516 1035 4585 11
1048 4516 1282 4571 tarchondimotus
1300 4536 1333 4571 eo
1351 4517 1428 4574 intus
1447 4540 1542 4576 omnes
1559 4521 1621 4575 uha-

476 4604 531 4657 ciae
543 4618 568 4657 N
578 4607 587 4675 11
601 4608 633 4658 26
645 4602 811 4674 thascypolis
822 4614 850 4667 B,
865 4620 906 4654 om
918 4614 944 4654 N
955 4601 963 4671 11
977 4602 1209 4673 cappadociaeque
1221 4603 1324 4658 efficias
1335 4607 1513 4661 macedoniae
1524 4611 1568 4677 Ν1
1579 4621 1624 4658 ma·

477 4689 657 4758 cedoniaeque
668 4702 687 4742 B
699 4689 708 4759 11
722 4692 753 4741 21
767 4686 887 4757 graeciae
900 4686 991 4740 italiae
1002 4688 1140 4758 totiusque
1151 4700 1177 4741 N
1188 4688 1196 4757 11
