3809 5534
706 610 958 673 spironensi.
977 609 1010 658 32
1028 597 1081 682 [11‚
1098 589 1142 658 15.
1164 598 1222 683 16].
1512 602 1546 662 51

386 769 430 829 de
447 766 563 829 ceteris
580 777 715 843 taceam,
732 769 772 830 de
787 768 872 851 ignis
888 789 979 831 mora
992 767 1120 850 probari
1131 777 1248 851 potest.
1274 765 1392 850 quippe
1407 788 1464 848 per
1478 789 1552 830 con-

387 872 503 935 tinuos
529 874 640 935 decem
666 883 698 935 et
723 884 848 955 septem
870 872 939 936 dies
969 874 1027 936 uix
1054 873 1162 957 potuit
1191 872 1378 936 incendium
1404 872 1552 955 extingui

386 980 480 1063 quod
496 978 690 1041 domibusao
706 977 834 1062 templis
849 978 916 1042 suis
932 989 1047 1061 sponte
1062 979 1170 1041 hostes
1185 978 1391 1053 inmiserant3
1411 989 1459 1054 ut,
1476 1001 1553 1060 qua·

388 1096 490 1148 tenus
505 1084 581 1147 urbs
598 1083 679 1166 eripi
693 1082 851 1147 Romanis
865 1105 930 1146 non
947 1095 1085 1167 poterat,
1103 1083 1287 1166 triumphus
1304 1085 1438 1148 arderet.

355 1341 371 1390 5
653 1326 809 1390 XXXII.
835 1327 1020 1392 BELLVM
1036 1326 1291 1390 ACHAICVM.

391 1530 495 1599 Quasi
525 1531 691 1595 saeculum
720 1529 802 1591 illud
831 1530 1051 1593 euersionibus
1077 1530 1207 1594 urbium
1233 1540 1384 1605 curreret,
1416 1530 1603 1601 Cartha-11,
1621 1529 1659 1587 111

390 1636 479 1721 ginis
493 1637 625 1701 ruinam
640 1635 750 1700 statim
764 1635 937 1699 Corinthos
954 1635 1092 1720 excepit,
1110 1636 1252 1699 Achaiae
1267 1646 1381 1717 caput,
1399 1635 1553 1699 Graeciae

391 1745 511 1821 decus,
540 1739 626 1803 inter
641 1740 705 1803 duo
720 1740 840 1817 maria,
866 1741 997 1805 Ionium
1012 1753 1044 1805 et
1059 1744 1242 1825 Aegaeum,
1265 1742 1356 1824 quasi
1372 1743 1554 1824 spectaculo

393 1848 553 1933 exposita.
578 1848 658 1910 haec
675 1877 713 1893 -·-
732 1846 857 1909 facinus
873 1846 1045 1930 indignum
1061 1886 1100 1896 -
1117 1858 1192 1911 ante
1215 1869 1364 1930 oppressa
1387 1858 1435 1910 est
1456 1869 1553 1930 quam

346 1968 373 2018 to
393 1955 433 2018 in
446 1976 583 2017 numero
605 1963 765 2017 certorum
785 1952 928 2016 hostium
947 1954 1127 2017 referretur.
1160 1953 1322 2019 Critolaus
1344 1976 1441 2017 causa
1460 1953 1552 2028 belli,

393 2061 452 2144 qui
464 2060 615 2124 libertate
630 2081 650 2121 a
664 2058 820 2121 Romanis
836 2060 912 2121 data
926 2060 1080 2122 aduersus
1096 2059 1182 2141 ipsos
1204 2083 1282 2123 usus
1305 2071 1354 2123 est
1370 2060 1554 2143 legatosque

395 2169 583 2240 Romanos,
600 2164 737 2227 dubium
752 2186 794 2226 an
809 2174 841 2226 et
855 2185 957 2226 manu
965 2212 975 2241 ‚
999 2175 1083 2227 certe
1100 2165 1243 2228 oratione
1265 2164 1414 2228 uiolauit.
1454 2163 1555 2246 igitur

393 2273 531 2337 Metello
546 2269 710 2334 ordinanti
725 2291 799 2332 cum
813 2269 1194 2359 maximeMacedoniam
1208 2270 1362 2334 mandata
1383 2279 1432 2331 est
1452 2268 1534 2331 ultio
1542 2293 1551 2342 ;

394 2389 430 2442 et
442 2378 521 2441 hinc
536 2376 718 2440 Achaicum
732 2374 865 2439 bellum.
891 2398 927 2438 ac
941 2375 1083 2457 primum
1099 2376 1234 2440 Critolai
1249 2395 1385 2439 manum
1399 2374 1553 2437 Metellus

346 2498 373 2548 15
395 2484 511 2548 consul
535 2504 593 2565 per
606 2481 748 2564 patentis
769 2481 872 2544 Elidis
893 2502 1022 2564 campos
1044 2491 1112 2544 toto
1132 2481 1248 2545 cecidit
1270 2480 1401 2564 Alphio.
1434 2490 1467 2542 et
1488 2501 1554 2541 uno

393 2588 517 2673 proelio
532 2598 698 2671 peractum
714 2597 781 2650 erat
794 2588 937 2662 bellum,
960 2586 1025 2651 iam
1047 2586 1134 2649 enim
1155 2588 1268 2650 urbem
1290 2587 1393 2669 ipsam
1416 2585 1554 2646 terrebat

396 2695 541 2770 obsidi03
572 2694 692 2756 sed-
714 2692 780 2755 fata
803 2714 910 2755 rerum
934 2713 1074 2754 —cum
1102 2693 1255 2756 Metellus
1282 2691 1482 2764 dimicasset,
1513 2689 1554 2751 ad

397 2800 570 2866 uictoriam
600 2798 780 2862 Mummius
811 2798 913 2860 uenit.
951 2798 1006 2861 hie
1035 2797 1167 2861 alterius
1189 2796 1280 2860 ducis
1311 2794 1405 2858 Diaei
1435 2793 1554 2857 exerci-

399 2920 469 2971 tum
485 2907 547 2970 sub
561 2904 640 2988 ipsis
655 2903 775 2968 Isthmi
790 2903 936 2969 faucibus
951 2903 1037 2966 fudit
1047 2902 1257 2986 geminosque
1272 2912 1383 2985 portus
1399 2899 1556 2983 sanguine

350 3025 380 3075 20
399 3012 523 3077 infecit.
548 3021 620 3074 tum
635 3011 675 3075 ab
690 3009 805 3072 incolis
827 3011 952 3072 deserta
974 3008 1090 3072 ciuitas
1110 3009 1236 3092 direpta
1257 3008 1416 3091 primum,
1441 3006 1557 3069 deinde

400 3120 478 3183 tuba
503 3117 709 3201 praecinente
741 3115 847 3177 deleta
879 3123 938 3176 est.
981 3113 1059 3196 quid
1085 3114 1269 3197 signorum,
1298 3113 1374 3196 quid
1402 3111 1555 3186 uestium,

401 3225 520 3309 quidue
547 3222 731 3285 tabularum
753 3230 881 3301 raptum
903 3219 1135 3302 incensumque
1162 3222 1265 3303 adque
1287 3218 1465 3301 proiectum
1487 3216 1553 3279 est!

402 3340 539 3414 quantas
554 3347 630 3411 opes
649 3337 681 3390 et
696 3324 865 3389 abstulerit
886 3335 919 3387 ct
940 3326 1130 3390 cremauerit
1151 3325 1229 3388 hinc
1252 3324 1333 3388 scias
1357 3325 1443 3407 quod
1465 3321 1555 3406 quid·

402 3437 477 3521 quid
486 3432 649 3499 Corinthii
664 3431 744 3495 aeris
761 3440 828 3493 toto
843 3430 917 3492 orbe
932 3429 1084 3493 laudatur
1097 3430 1246 3494 incendio
1262 3428 1456 3511 superfuisse
1471 3448 1556 3490 com-

364 3551 389 3602 15
404 3542 555 3626 perimus.
578 3559 656 3601 nam
678 3547 711 3599 et
733 3534 814 3599 aeris
836 3543 948 3597 notam
968 3536 1189 3618 pretiosiorem
1210 3536 1281 3619 ipsa
1295 3531 1557 3616 opulentissimae

406 3647 492 3711 urbis
506 3644 584 3708 fecit
597 3642 708 3719 ruina·;
736 3642 812 3725 quia
825 3641 975 3704 incendio
990 3641 1157 3723 permixtis
1168 3639 1315 3724 plurimis
1331 3636 1446 3701 statuis
1462 3646 1558 3719 atque

407 3750 582 3817 simulacris
599 3748 680 3813 aeris
695 3747 765 3812 auri
781 3748 969 3832 argentique
984 3768 1087 3811 uenae
1102 3746 1137 3809 in
1152 3765 1322 3808 commune
1336 3743 1512 3806 tluxenmt.

412 4077 422 4125 1
436 4075 480 4128 uel
492 4074 598 4145 ignium
610 4090 686 4127 mora
697 4085 720 4125 N
733 4073 741 4144 11
754 4081 817 4143 pote
830 4082 872 4127 est
882 4086 902 4127 Β
915 4073 923 4144 11
938 4078 952 4125 3
972 4077 1054 4141 ponte
1065 4082 1089 4122 N
1106 4069 1115 4139 11
1129 4073 1266 4121 orrannum
1279 4081 1427 4123 acxxlcvn
1438 4082 1463 4122 N
1474 4069 1482 4137 11
1496 4072 1512 4121 6
1525 4069 1563 4120 ita

411 4160 572 4230 carthaginis
580 4171 605 4213 N
615 4159 624 4229 11
638 4163 651 4210 l
673 4158 813 4211 corinthus
832 4158 933 4227 excipit
944 4170 964 4210 Β
977 4157 986 4226 11
1001 4160 1031 4209 10
1049 4171 1191 4208 numerum
1202 4165 1228 4205 N
1238 4154 1247 4223 11
1263 4156 1292 4206 11
1312 4171 1328 4207 a
1339 4173 1382 4207 om
1392 4166 1412 4207 B
1425 4154 1434 4224 11
1447 4154 1510 4206 data
1521 4171 1563 4204 om

411 4256 433 4295 N
442 4246 450 4316 11
465 4249 496 4298 12
509 4262 573 4297 man
586 4251 614 4297 et
624 4255 644 4296 Β
656 4244 665 4314 1
682 4247 712 4295 13
732 4243 856 4296 ordinato
875 4242 919 4312 Ν1
938 4241 1071 4294 maximae
1087 4252 1107 4294 Β
1119 4239 1128 4308 11
1141 4238 1327 4292 macedoniam
1340 4258 1372 4302 ς.·
1391 4236 1563 4290 macedoniae

411 4330 609 4400 ΒΝ111111ἰοοΝι
627 4341 646 4381 Β
659 4330 668 4399 11
684 4332 713 4380 ll
734 4328 847 4398 primam
864 4338 889 4379 N
899 4328 908 4397 11
922 4326 1032 4379 metello
1052 4324 1162 4378 consule
1180 4336 1199 4376 Β
1212 4323 1221 4394 1
1237 4328 1268 4377 15
1286 4324 1356 4377 alfeo
1369 4334 1393 4373 N
1404 4322 1412 4390 11
1429 4324 1459 4373 16
1472 4322 1565 4374 iamet

412 4415 503 4467 urbem
514 4427 540 4468 N
550 4415 559 4484 11
576 4418 606 4467 18
619 4413 726 4468 inuenit
743 4425 762 4465 Β
775 4413 784 4483 1
797 4411 877 4465 Diaei
894 4410 1025 4479 Piqhiua:
1051 4410 1126 4464 dinei
1141 4421 1175 4474 Β,
1201 4409 1334 4479 dignitate
1352 4420 1377 4459 N
1387 4406 1396 4475 11
1409 4409 1442 4459 20
1455 4406 1566 4475 derepta

412 4500 576 4571 Β1211111111
596 4518 631 4562 ς.·
649 4498 730 4553 turba
747 4509 792 4550 BN
808 4497 817 4566 11
836 4496 1027 4566 praecingente
1046 4509 1065 4548 Β
1084 4497 1092 4566 1
1112 4498 1144 4547 22
1157 4493 1258 4564 quidne
1270 4506 1289 4545 Β
1302 4493 1310 4561 11
1324 4493 1464 4545 incensum
1484 4499 1565 4561 atque

413 4595 435 4634 N
444 4586 453 4655 11
467 4589 499 4638 24
514 4583 661 4639 corinthiN
680 4582 689 4653 1
709 4585 741 4635 25
761 4588 866 4636 tontam
883 4594 908 4634 N
926 4581 935 4650 11
954 4585 986 4635 26
1005 4581 1085 4634 ruina
1108 4576 1264 4646 Hauptt‘us:
1297 4575 1428 4647 syiniuria
1438 4589 1471 4641 Β,
1498 4576 1568 4628 iniu-

414 4668 451 4721 a
461 4683 486 4722 u
497 4673 506 4739 1

1358 4751 1397 4812 4*
