<?xml version="1.0" encoding="UTF-8"?>
<!DOCTYPE html PUBLIC "-//W3C//DTD XHTML 1.0 Transitional//EN"
    "http://www.w3.org/TR/xhtml1/DTD/xhtml1-transitional.dtd">
<html xmlns="http://www.w3.org/1999/xhtml" xml:lang="en" lang="en">
 <head>
  <title>
</title>
<meta http-equiv="Content-Type" content="text/html;charset=utf-8" />
  <meta name='ocr-system' content='tesseract 3.04.00' />
  <meta name='ocr-capabilities' content='ocr_page ocr_carea ocr_par ocr_line ocrx_word'/>
</head>
<body>
  <div class='ocr_page' id='page_1' title='image "./iulifloriepitom00florgoog_0010.png"; bbox 0 0 3809 5534; ppageno 0'>
   <div class='ocr_carea' id='block_1_1' title="bbox 364 593 1037 649">
    <p class='ocr_par' dir='ltr' id='par_1_1' title="bbox 364 593 1037 649">
     <span class='ocr_line' id='line_1_1' title="bbox 364 593 1037 649; baseline -0.009 0"><span class='ocrx_word' id='word_1_1' title='bbox 364 593 426 649; x_wconf 90' lang='lat' dir='ltr'>IIII</span> <span class='ocrx_word' id='word_1_2' title='bbox 840 603 1037 646; x_wconf 68' lang='lat' dir='ltr'><strong>Passerem.</strong></span> 
     </span>
    </p>
   </div>
   <div class='ocr_carea' id='block_1_2' title="bbox 289 753 1542 4757">
    <p class='ocr_par' dir='ltr' id='par_1_2' title="bbox 363 753 1537 2108">
     <span class='ocr_line' id='line_1_2' title="bbox 365 753 1536 835; baseline -0.006 -15"><span class='ocrx_word' id='word_1_3' title='bbox 365 770 435 820; x_wconf 89' lang='lat' dir='ltr'><strong>tum</strong></span> <span class='ocrx_word' id='word_1_4' title='bbox 457 777 528 817; x_wconf 91' lang='lat' dir='ltr'><strong>mco</strong></span> <span class='ocrx_word' id='word_1_5' title='bbox 551 753 681 817; x_wconf 88' lang='lat' dir='ltr'><strong>arbitrio</strong></span> <span class='ocrx_word' id='word_1_6' title='bbox 703 763 759 815; x_wconf 88' lang='lat' dir='ltr'><strong>aut</strong></span> <span class='ocrx_word' id='word_1_7' title='bbox 781 754 906 815; x_wconf 84' lang='lat' dir='ltr'>ederem</span> <span class='ocrx_word' id='word_1_8' title='bbox 930 753 1062 815; x_wconf 89' lang='lat' dir='ltr'><strong>Florum</strong></span> <span class='ocrx_word' id='word_1_9' title='bbox 1083 762 1140 814; x_wconf 88' lang='lat' dir='ltr'><strong>aut</strong></span> <span class='ocrx_word' id='word_1_10' title='bbox 1165 772 1362 835; x_wconf 83' lang='lat' dir='ltr'><strong>reponerem.</strong></span> <span class='ocrx_word' id='word_1_11' title='bbox 1402 753 1536 814; x_wconf 91' lang='lat' dir='ltr'><strong>tandem</strong></span> 
     </span>
     <span class='ocr_line' id='line_1_3' title="bbox 364 857 1531 943; baseline -0.005 -18"><span class='ocrx_word' id='word_1_12' title='bbox 364 863 484 925; x_wconf 89' lang='lat' dir='ltr'><strong>amicae</strong></span> <span class='ocrx_word' id='word_1_13' title='bbox 500 882 575 943; x_wconf 86' lang='lat' dir='ltr'><strong>erga</strong></span> <span class='ocrx_word' id='word_1_14' title='bbox 589 882 641 921; x_wconf 92' lang='lat' dir='ltr'><strong>me</strong></span> <span class='ocrx_word' id='word_1_15' title='bbox 657 859 819 922; x_wconf 89' lang='lat' dir='ltr'><strong>uoluntati</strong></span> <span class='ocrx_word' id='word_1_16' title='bbox 835 861 1015 922; x_wconf 89' lang='lat' dir='ltr'><strong>cedendum</strong></span> <span class='ocrx_word' id='word_1_17' title='bbox 1029 857 1145 941; x_wconf 89' lang='lat' dir='ltr'><strong>putaui</strong></span> <span class='ocrx_word' id='word_1_18' title='bbox 1165 868 1197 920; x_wconf 90' lang='lat' dir='ltr'><strong>et</strong></span> <span class='ocrx_word' id='word_1_19' title='bbox 1219 857 1255 919; x_wconf 90' lang='lat' dir='ltr'><strong>in</strong></span> <span class='ocrx_word' id='word_1_20' title='bbox 1270 857 1463 920; x_wconf 86' lang='lat' dir='ltr'><strong>conferendo</strong></span> <span class='ocrx_word' id='word_1_21' title='bbox 1480 879 1531 919; x_wconf 92' lang='lat' dir='ltr'><strong>co-</strong></span> 
     </span>
     <span class='ocr_line' id='line_1_4' title="bbox 363 963 1532 1049; baseline -0.004 -19"><span class='ocrx_word' id='word_1_22' title='bbox 363 968 450 1043; x_wconf 90' lang='lat' dir='ltr'><strong>dice,</strong></span> <span class='ocrx_word' id='word_1_23' title='bbox 468 978 626 1049; x_wconf 88' lang='lat' dir='ltr'><strong>quantum</strong></span> <span class='ocrx_word' id='word_1_24' title='bbox 641 966 716 1028; x_wconf 92' lang='lat' dir='ltr'><strong>inde</strong></span> <span class='ocrx_word' id='word_1_25' title='bbox 732 965 845 1027; x_wconf 84' lang='lat' dir='ltr'>auxilii</span> <span class='ocrx_word' id='word_1_26' title='bbox 860 967 901 1027; x_wconf 91' lang='lat' dir='ltr'><strong>ad</strong></span> <span class='ocrx_word' id='word_1_27' title='bbox 916 965 1050 1028; x_wconf 91' lang='lat' dir='ltr'><strong>Florum</strong></span> <span class='ocrx_word' id='word_1_28' title='bbox 1064 963 1300 1027; x_wconf 89' lang='lat' dir='ltr'><strong>restituendum</strong></span> <span class='ocrx_word' id='word_1_29' title='bbox 1323 974 1432 1046; x_wconf 89' lang='lat' dir='ltr'><strong>petere</strong></span> <span class='ocrx_word' id='word_1_30' title='bbox 1454 964 1532 1026; x_wconf 88' lang='lat' dir='ltr'><strong>lice·</strong></span> 
     </span>
     <span class='ocr_line' id='line_1_5' title="bbox 365 1069 1533 1162; baseline -0.004 -26"><span class='ocrx_word' id='word_1_31' title='bbox 365 1087 431 1162; x_wconf 67' lang='lat' dir='ltr'><strong>ret,</strong></span> <span class='ocrx_word' id='word_1_32' title='bbox 446 1072 556 1135; x_wconf 91' lang='lat' dir='ltr'><strong>statim</strong></span> <span class='ocrx_word' id='word_1_33' title='bbox 568 1071 726 1134; x_wconf 80' lang='lat' dir='ltr'><strong>intellexi.</strong></span> <span class='ocrx_word' id='word_1_34' title='bbox 750 1094 847 1153; x_wconf 87' lang='lat' dir='ltr'><strong>quare</strong></span> <span class='ocrx_word' id='word_1_35' title='bbox 863 1094 937 1134; x_wconf 91' lang='lat' dir='ltr'><strong>cum</strong></span> <span class='ocrx_word' id='word_1_36' title='bbox 949 1070 1094 1133; x_wconf 87' lang='lat' dir='ltr'><strong>animum</strong></span> <span class='ocrx_word' id='word_1_37' title='bbox 1110 1069 1244 1153; x_wconf 91' lang='lat' dir='ltr'><strong>inprobo</strong></span> <span class='ocrx_word' id='word_1_38' title='bbox 1260 1069 1482 1132; x_wconf 87' lang='lat' dir='ltr'><strong>commentarii</strong></span> <span class='ocrx_word' id='word_1_39' title='bbox 1497 1070 1533 1132; x_wconf 92' lang='lat' dir='ltr'><strong>in</strong></span> 
     </span>
     <span class='ocr_line' id='line_1_6' title="bbox 367 1176 1535 1260; baseline -0.004 -18"><span class='ocrx_word' id='word_1_40' title='bbox 367 1178 557 1242; x_wconf 89' lang='lat' dir='ltr'><strong>quenalem</strong></span> <span class='ocrx_word' id='word_1_41' title='bbox 569 1177 727 1241; x_wconf 89' lang='lat' dir='ltr'><strong>scribendi</strong></span> <span class='ocrx_word' id='word_1_42' title='bbox 739 1177 845 1239; x_wconf 89' lang='lat' dir='ltr'><strong>labore</strong></span> <span class='ocrx_word' id='word_1_43' title='bbox 857 1178 977 1240; x_wconf 88' lang='lat' dir='ltr'><strong>fessum</strong></span> <span class='ocrx_word' id='word_1_44' title='bbox 989 1176 1095 1260; x_wconf 88' lang='lat' dir='ltr'><strong>aliqua</strong></span> <span class='ocrx_word' id='word_1_45' title='bbox 1106 1176 1286 1238; x_wconf 85' lang='lat' dir='ltr'><strong>mutatione</strong></span> <span class='ocrx_word' id='word_1_46' title='bbox 1299 1180 1427 1238; x_wconf 85' lang='lat' dir='ltr'><strong>reficere</strong></span> <span class='ocrx_word' id='word_1_47' title='bbox 1441 1198 1535 1258; x_wconf 90' lang='lat' dir='ltr'><strong>cupe-</strong></span> 
     </span>
     <span class='ocr_line' id='line_1_7' title="bbox 366 1281 1533 1366; baseline -0.003 -19"><span class='ocrx_word' id='word_1_48' title='bbox 366 1307 446 1360; x_wconf 90' lang='lat' dir='ltr'><strong>rem,</strong></span> <span class='ocrx_word' id='word_1_49' title='bbox 461 1283 548 1347; x_wconf 86' lang='lat' dir='ltr'><strong>Flori</strong></span> <span class='ocrx_word' id='word_1_50' title='bbox 562 1294 731 1366; x_wconf 86' lang='lat' dir='ltr'><strong>postquam</strong></span> <span class='ocrx_word' id='word_1_51' title='bbox 744 1284 807 1366; x_wconf 83' lang='lat' dir='ltr'><strong>legi</strong></span> <span class='ocrx_word' id='word_1_52' title='bbox 820 1284 917 1346; x_wconf 90' lang='lat' dir='ltr'><strong>etiam</strong></span> <span class='ocrx_word' id='word_1_53' title='bbox 933 1283 1140 1359; x_wconf 87' lang='lat' dir='ltr'><strong>emendandi,</strong></span> <span class='ocrx_word' id='word_1_54' title='bbox 1157 1293 1314 1366; x_wconf 88' lang='lat' dir='ltr'><strong>quantum</strong></span> <span class='ocrx_word' id='word_1_55' title='bbox 1329 1281 1399 1344; x_wconf 88' lang='lat' dir='ltr'><strong>fieri</strong></span> <span class='ocrx_word' id='word_1_56' title='bbox 1413 1292 1533 1364; x_wconf 88' lang='lat' dir='ltr'><strong>posset,</strong></span> 
     </span>
     <span class='ocr_line' id='line_1_8' title="bbox 367 1387 1534 1471; baseline -0.003 -19"><span class='ocrx_word' id='word_1_57' title='bbox 367 1411 477 1452; x_wconf 88' lang='lat' dir='ltr'><strong>curam</strong></span> <span class='ocrx_word' id='word_1_58' title='bbox 505 1388 640 1470; x_wconf 77' lang='lat' dir='ltr'><strong>suscepi.</strong></span> <span class='ocrx_word' id='word_1_59' title='bbox 678 1411 740 1471; x_wconf 93' lang='lat' dir='ltr'><strong>quo</strong></span> <span class='ocrx_word' id='word_1_60' title='bbox 767 1390 885 1453; x_wconf 88' lang='lat' dir='ltr'><strong>certius</strong></span> <span class='ocrx_word' id='word_1_61' title='bbox 908 1400 1017 1452; x_wconf 89' lang='lat' dir='ltr'><strong>autem</strong></span> <span class='ocrx_word' id='word_1_62' title='bbox 1045 1390 1295 1451; x_wconf 88' lang='lat' dir='ltr'><strong>fundamentum</strong></span> <span class='ocrx_word' id='word_1_63' title='bbox 1316 1387 1419 1470; x_wconf 86' lang='lat' dir='ltr'><strong>operis</strong></span> <span class='ocrx_word' id='word_1_64' title='bbox 1440 1390 1534 1469; x_wconf 87' lang='lat' dir='ltr'><strong>perfi-</strong></span> 
     </span>
     <span class='ocr_line' id='line_1_9' title="bbox 367 1493 1536 1577; baseline -0.003 -19"><span class='ocrx_word' id='word_1_65' title='bbox 367 1495 472 1558; x_wconf 90' lang='lat' dir='ltr'><strong>ciendi</strong></span> <span class='ocrx_word' id='word_1_66' title='bbox 488 1494 623 1556; x_wconf 89' lang='lat' dir='ltr'><strong>iacerem</strong></span> <span class='ocrx_word' id='word_1_67' title='bbox 638 1495 780 1557; x_wconf 81' lang='lat' dir='ltr'><strong>codicem</strong></span> <span class='ocrx_word' id='word_1_68' title='bbox 800 1518 819 1557; x_wconf 98' lang='lat' dir='ltr'><strong>a</strong></span> <span class='ocrx_word' id='word_1_69' title='bbox 834 1494 1049 1558; x_wconf 85' lang='lat' dir='ltr'><strong>Mommsenio</strong></span> <span class='ocrx_word' id='word_1_70' title='bbox 1070 1496 1199 1558; x_wconf 91' lang='lat' dir='ltr'><strong>adiutus</strong></span> <span class='ocrx_word' id='word_1_71' title='bbox 1222 1496 1307 1557; x_wconf 91' lang='lat' dir='ltr'><strong>intra</strong></span> <span class='ocrx_word' id='word_1_72' title='bbox 1327 1515 1446 1577; x_wconf 91' lang='lat' dir='ltr'><strong>paucos</strong></span> <span class='ocrx_word' id='word_1_73' title='bbox 1469 1493 1536 1556; x_wconf 90' lang='lat' dir='ltr'><strong>dies</strong></span> 
     </span>
     <span class='ocr_line' id='line_1_10' title="bbox 366 1598 1537 1676; baseline -0.003 -12"><span class='ocrx_word' id='word_1_74' title='bbox 366 1601 416 1665; x_wconf 92' lang='lat' dir='ltr'><strong>bis</strong></span> <span class='ocrx_word' id='word_1_75' title='bbox 438 1600 573 1663; x_wconf 91' lang='lat' dir='ltr'><strong>contuli.</strong></span> <span class='ocrx_word' id='word_1_76' title='bbox 613 1600 765 1662; x_wconf 87' lang='lat' dir='ltr'><strong>Halmius</strong></span> <span class='ocrx_word' id='word_1_77' title='bbox 789 1612 917 1676; x_wconf 89' lang='lat' dir='ltr'><strong>autem,</strong></span> <span class='ocrx_word' id='word_1_78' title='bbox 949 1600 1003 1662; x_wconf 91' lang='lat' dir='ltr'><strong>cui</strong></span> <span class='ocrx_word' id='word_1_79' title='bbox 1023 1601 1165 1663; x_wconf 87' lang='lat' dir='ltr'><strong>codicem</strong></span> <span class='ocrx_word' id='word_1_80' title='bbox 1187 1602 1370 1664; x_wconf 89' lang='lat' dir='ltr'><strong>redditurus</strong></span> <span class='ocrx_word' id='word_1_81' title='bbox 1392 1598 1537 1661; x_wconf 91' lang='lat' dir='ltr'><strong>indicaui</strong></span> 
     </span>
     <span class='ocr_line' id='line_1_11' title="bbox 367 1705 1536 1791; baseline -0.003 -21"><span class='ocrx_word' id='word_1_82' title='bbox 367 1707 445 1791; x_wconf 90' lang='lat' dir='ltr'><strong>quid</strong></span> <span class='ocrx_word' id='word_1_83' title='bbox 468 1705 595 1769; x_wconf 89' lang='lat' dir='ltr'><strong>consilii</strong></span> <span class='ocrx_word' id='word_1_84' title='bbox 616 1706 788 1787; x_wconf 85' lang='lat' dir='ltr'><strong>cepissem,</strong></span> <span class='ocrx_word' id='word_1_85' title='bbox 805 1729 871 1769; x_wconf 94' lang='lat' dir='ltr'><strong>non</strong></span> <span class='ocrx_word' id='word_1_86' title='bbox 892 1718 1063 1771; x_wconf 88' lang='lat' dir='ltr'><strong>contentus</strong></span> <span class='ocrx_word' id='word_1_87' title='bbox 1085 1707 1205 1770; x_wconf 90' lang='lat' dir='ltr'><strong>librum</strong></span> <span class='ocrx_word' id='word_1_88' title='bbox 1226 1705 1536 1790; x_wconf 90' lang='lat' dir='ltr'><strong>praestantissimum</strong></span> 
     </span>
     <span class='ocr_line' id='line_1_12' title="bbox 367 1810 1535 1896; baseline -0.003 -20"><span class='ocrx_word' id='word_1_89' title='bbox 367 1811 626 1876; x_wconf 83' lang='lat' dir='ltr'><strong>subministrasse</strong></span> <span class='ocrx_word' id='word_1_90' title='bbox 643 1812 866 1894; x_wconf 85' lang='lat' dir='ltr'><strong>quouismodo</strong></span> <span class='ocrx_word' id='word_1_91' title='bbox 882 1835 962 1896; x_wconf 91' lang='lat' dir='ltr'><strong>opus</strong></span> <span class='ocrx_word' id='word_1_92' title='bbox 978 1813 1144 1895; x_wconf 87' lang='lat' dir='ltr'><strong>inceptum</strong></span> <span class='ocrx_word' id='word_1_93' title='bbox 1166 1813 1353 1875; x_wconf 89' lang='lat' dir='ltr'><strong>adiuturum</strong></span> <span class='ocrx_word' id='word_1_94' title='bbox 1368 1834 1402 1875; x_wconf 91' lang='lat' dir='ltr'><strong>se</strong></span> <span class='ocrx_word' id='word_1_95' title='bbox 1416 1810 1535 1895; x_wconf 92' lang='lat' dir='ltr'><strong>promi-</strong></span> 
     </span>
     <span class='ocr_line' id='line_1_13' title="bbox 368 1916 1534 2001; baseline -0.002 -21"><span class='ocrx_word' id='word_1_96' title='bbox 368 1918 428 1993; x_wconf 89' lang='lat' dir='ltr'><strong>sit,</strong></span> <span class='ocrx_word' id='word_1_97' title='bbox 446 1927 477 1979; x_wconf 90' lang='lat' dir='ltr'><strong>et</strong></span> <span class='ocrx_word' id='word_1_98' title='bbox 492 1916 648 1999; x_wconf 84' lang='lat' dir='ltr'><strong>promissa</strong></span> <span class='ocrx_word' id='word_1_99' title='bbox 670 1940 864 1999; x_wconf 90' lang='lat' dir='ltr'><strong>quamquam</strong></span> <span class='ocrx_word' id='word_1_100' title='bbox 881 1920 994 1982; x_wconf 88' lang='lat' dir='ltr'><strong>multis</strong></span> <span class='ocrx_word' id='word_1_101' title='bbox 1011 1929 1042 1981; x_wconf 88' lang='lat' dir='ltr'><strong>et</strong></span> <span class='ocrx_word' id='word_1_102' title='bbox 1059 1918 1258 2001; x_wconf 86' lang='lat' dir='ltr'><strong>grauissimis</strong></span> <span class='ocrx_word' id='word_1_103' title='bbox 1274 1917 1384 1981; x_wconf 90' lang='lat' dir='ltr'><strong>officiis</strong></span> <span class='ocrx_word' id='word_1_104' title='bbox 1401 1938 1534 1998; x_wconf 88' lang='lat' dir='ltr'><strong>occupa-</strong></span> 
     </span>
     <span class='ocr_line' id='line_1_14' title="bbox 367 2022 1512 2108; baseline -0.001 -23"><span class='ocrx_word' id='word_1_105' title='bbox 367 2037 418 2087; x_wconf 90' lang='lat' dir='ltr'><strong>tus</strong></span> <span class='ocrx_word' id='word_1_106' title='bbox 434 2022 671 2105; x_wconf 87' lang='lat' dir='ltr'><strong>promptissima</strong></span> <span class='ocrx_word' id='word_1_107' title='bbox 687 2024 855 2086; x_wconf 88' lang='lat' dir='ltr'><strong>uoluntate</strong></span> <span class='ocrx_word' id='word_1_108' title='bbox 871 2037 967 2108; x_wconf 89' lang='lat' dir='ltr'><strong>atque</strong></span> <span class='ocrx_word' id='word_1_109' title='bbox 984 2025 1144 2087; x_wconf 87' lang='lat' dir='ltr'><strong>indefesso</strong></span> <span class='ocrx_word' id='word_1_110' title='bbox 1160 2022 1268 2087; x_wconf 90' lang='lat' dir='ltr'><strong>studio</strong></span> <span class='ocrx_word' id='word_1_111' title='bbox 1283 2034 1437 2086; x_wconf 85' lang='lat' dir='ltr'><strong>executus</strong></span> <span class='ocrx_word' id='word_1_112' title='bbox 1453 2033 1512 2085; x_wconf 90' lang='lat' dir='ltr'><strong>est.</strong></span> 
     </span>
    </p>

    <p class='ocr_par' dir='ltr' id='par_1_3' title="bbox 289 2129 1534 2955">
     <span class='ocr_line' id='line_1_15' title="bbox 453 2129 1532 2213; baseline 0 -22"><span class='ocrx_word' id='word_1_113' title='bbox 453 2131 525 2191; x_wconf 88' lang='lat' dir='ltr'><strong>Iam</strong></span> <span class='ocrx_word' id='word_1_114' title='bbox 548 2150 624 2190; x_wconf 92' lang='lat' dir='ltr'><strong>uero</strong></span> <span class='ocrx_word' id='word_1_115' title='bbox 651 2139 725 2191; x_wconf 89' lang='lat' dir='ltr'><strong>ante</strong></span> <span class='ocrx_word' id='word_1_116' title='bbox 752 2129 860 2192; x_wconf 90' lang='lat' dir='ltr'><strong>omnia</strong></span> <span class='ocrx_word' id='word_1_117' title='bbox 886 2153 966 2213; x_wconf 91' lang='lat' dir='ltr'><strong>opus</strong></span> <span class='ocrx_word' id='word_1_118' title='bbox 987 2142 1054 2193; x_wconf 89' lang='lat' dir='ltr'><strong>erat</strong></span> <span class='ocrx_word' id='word_1_119' title='bbox 1076 2143 1115 2194; x_wconf 94' lang='lat' dir='ltr'><strong>ut</strong></span> <span class='ocrx_word' id='word_1_120' title='bbox 1135 2130 1277 2193; x_wconf 86' lang='lat' dir='ltr'><strong>codicem</strong></span> <span class='ocrx_word' id='word_1_121' title='bbox 1302 2132 1335 2193; x_wconf 94' lang='lat' dir='ltr'>N</span> <span class='ocrx_word' id='word_1_122' title='bbox 1338 2129 1532 2204; x_wconf 89' lang='lat' dir='ltr'><strong>azarianum,</strong></span> 
     </span>
     <span class='ocr_line' id='line_1_16' title="bbox 289 2235 1532 2319; baseline 0 -21"><span class='ocrx_word' id='word_1_123' title='bbox 289 2261 292 2266; x_wconf 91' lang='lat'>·</span> <span class='ocrx_word' id='word_1_124' title='bbox 370 2258 465 2318; x_wconf 92' lang='lat' dir='ltr'><strong>quem</strong></span> <span class='ocrx_word' id='word_1_125' title='bbox 482 2245 616 2317; x_wconf 86' lang='lat' dir='ltr'><strong>excepto</strong></span> <span class='ocrx_word' id='word_1_126' title='bbox 630 2236 861 2318; x_wconf 87' lang='lat' dir='ltr'><strong>Bambergensi</strong></span> <span class='ocrx_word' id='word_1_127' title='bbox 875 2236 1138 2319; x_wconf 88' lang='lat' dir='ltr'><strong>antiquissimum</strong></span> <span class='ocrx_word' id='word_1_128' title='bbox 1152 2246 1185 2297; x_wconf 91' lang='lat' dir='ltr'><strong>et</strong></span> <span class='ocrx_word' id='word_1_129' title='bbox 1200 2236 1359 2318; x_wconf 89' lang='lat' dir='ltr'><strong>optimum</strong></span> <span class='ocrx_word' id='word_1_130' title='bbox 1371 2258 1439 2297; x_wconf 89' lang='lat' dir='ltr'><strong>esse</strong></span> <span class='ocrx_word' id='word_1_131' title='bbox 1457 2235 1532 2298; x_wconf 88' lang='lat' dir='ltr'><strong>satis</strong></span> 
     </span>
     <span class='ocr_line' id='line_1_17' title="bbox 368 2340 1534 2425; baseline -0.003 -20"><span class='ocrx_word' id='word_1_132' title='bbox 368 2345 553 2417; x_wconf 85' lang='lat' dir='ltr'><strong>constabat,</strong></span> <span class='ocrx_word' id='word_1_133' title='bbox 570 2340 788 2423; x_wconf 89' lang='lat' dir='ltr'><strong>Heidelberga</strong></span> <span class='ocrx_word' id='word_1_134' title='bbox 809 2342 1028 2418; x_wconf 87' lang='lat' dir='ltr'><strong>nanciscerer,</strong></span> <span class='ocrx_word' id='word_1_135' title='bbox 1047 2342 1164 2425; x_wconf 90' lang='lat' dir='ltr'><strong>quippe</strong></span> <span class='ocrx_word' id='word_1_136' title='bbox 1181 2364 1277 2424; x_wconf 90' lang='lat' dir='ltr'><strong>quem</strong></span> <span class='ocrx_word' id='word_1_137' title='bbox 1292 2364 1311 2403; x_wconf 89' lang='lat' dir='ltr'><strong>a</strong></span> <span class='ocrx_word' id='word_1_138' title='bbox 1327 2340 1486 2404; x_wconf 87' lang='lat' dir='ltr'><strong>Sahnasio</strong></span> <span class='ocrx_word' id='word_1_139' title='bbox 1501 2350 1534 2402; x_wconf 91' lang='lat' dir='ltr'><strong>et</strong></span> 
     </span>
     <span class='ocr_line' id='line_1_18' title="bbox 368 2447 1534 2530; baseline -0.003 -18"><span class='ocrx_word' id='word_1_140' title='bbox 368 2450 508 2513; x_wconf 87' lang='lat' dir='ltr'><strong>Grutero</strong></span> <span class='ocrx_word' id='word_1_141' title='bbox 533 2470 599 2510; x_wconf 93' lang='lat' dir='ltr'><strong>non</strong></span> <span class='ocrx_word' id='word_1_142' title='bbox 621 2469 659 2511; x_wconf 91' lang='lat' dir='ltr'><strong>ea</strong></span> <span class='ocrx_word' id='word_1_143' title='bbox 688 2470 784 2530; x_wconf 91' lang='lat' dir='ltr'><strong>quam</strong></span> <span class='ocrx_word' id='word_1_144' title='bbox 811 2447 907 2510; x_wconf 90' lang='lat' dir='ltr'><strong>hodie</strong></span> <span class='ocrx_word' id='word_1_145' title='bbox 935 2447 1153 2510; x_wconf 90' lang='lat' dir='ltr'><strong>desideramus</strong></span> <span class='ocrx_word' id='word_1_146' title='bbox 1182 2470 1259 2510; x_wconf 91' lang='lat' dir='ltr'><strong>cura</strong></span> <span class='ocrx_word' id='word_1_147' title='bbox 1279 2447 1445 2510; x_wconf 89' lang='lat' dir='ltr'><strong>conlatum</strong></span> <span class='ocrx_word' id='word_1_148' title='bbox 1467 2468 1534 2508; x_wconf 90' lang='lat' dir='ltr'><strong>esse</strong></span> 
     </span>
     <span class='ocr_line' id='line_1_19' title="bbox 368 2552 1534 2639; baseline -0.005 -19"><span class='ocrx_word' id='word_1_149' title='bbox 368 2554 522 2639; x_wconf 90' lang='lat' dir='ltr'><strong>suspicari</strong></span> <span class='ocrx_word' id='word_1_150' title='bbox 537 2552 640 2617; x_wconf 86' lang='lat' dir='ltr'><strong>licuit.</strong></span> <span class='ocrx_word' id='word_1_151' title='bbox 672 2554 733 2616; x_wconf 90' lang='lat' dir='ltr'><strong>hac</strong></span> <span class='ocrx_word' id='word_1_152' title='bbox 754 2576 879 2638; x_wconf 88' lang='lat' dir='ltr'><strong>quoque</strong></span> <span class='ocrx_word' id='word_1_153' title='bbox 902 2554 936 2616; x_wconf 92' lang='lat' dir='ltr'><strong>in</strong></span> <span class='ocrx_word' id='word_1_154' title='bbox 952 2576 986 2616; x_wconf 91' lang='lat' dir='ltr'><strong>re</strong></span> <span class='ocrx_word' id='word_1_155' title='bbox 1007 2575 1131 2637; x_wconf 91' lang='lat' dir='ltr'><strong>prome</strong></span> <span class='ocrx_word' id='word_1_156' title='bbox 1152 2553 1370 2616; x_wconf 87' lang='lat' dir='ltr'><strong>intercedente</strong></span> <span class='ocrx_word' id='word_1_157' title='bbox 1385 2555 1534 2617; x_wconf 88' lang='lat' dir='ltr'><strong>Gustauo</strong></span> 
     </span>
     <span class='ocr_line' id='line_1_20' title="bbox 368 2660 1532 2743; baseline -0.003 -18"><span class='ocrx_word' id='word_1_158' title='bbox 368 2660 625 2736; x_wconf 86' lang='lat' dir='ltr'><strong>Hartensteinio,</strong></span> <span class='ocrx_word' id='word_1_159' title='bbox 643 2683 738 2743; x_wconf 92' lang='lat' dir='ltr'><strong>quem</strong></span> <span class='ocrx_word' id='word_1_160' title='bbox 753 2671 876 2723; x_wconf 85' lang='lat' dir='ltr'><strong>certum</strong></span> <span class='ocrx_word' id='word_1_161' title='bbox 891 2660 926 2722; x_wconf 87' lang='lat' dir='ltr'><strong>in</strong></span> <span class='ocrx_word' id='word_1_162' title='bbox 940 2681 975 2723; x_wconf 90' lang='lat' dir='ltr'><strong>re</strong></span> <span class='ocrx_word' id='word_1_163' title='bbox 990 2660 1114 2723; x_wconf 88' lang='lat' dir='ltr'><strong>incerta</strong></span> <span class='ocrx_word' id='word_1_164' title='bbox 1129 2660 1268 2722; x_wconf 90' lang='lat' dir='ltr'><strong>amicum</strong></span> <span class='ocrx_word' id='word_1_165' title='bbox 1283 2670 1433 2742; x_wconf 85' lang='lat' dir='ltr'><strong>expertus</strong></span> <span class='ocrx_word' id='word_1_166' title='bbox 1450 2681 1532 2734; x_wconf 91' lang='lat' dir='ltr'><strong>sum,</strong></span> 
     </span>
     <span class='ocr_line' id='line_1_21' title="bbox 368 2765 1533 2850; baseline -0.003 -20"><span class='ocrx_word' id='word_1_167' title='bbox 368 2779 492 2850; x_wconf 87' lang='lat' dir='ltr'><strong>praeter</strong></span> <span class='ocrx_word' id='word_1_168' title='bbox 507 2766 725 2830; x_wconf 89' lang='lat' dir='ltr'><strong>Nazarianum</strong></span> <span class='ocrx_word' id='word_1_169' title='bbox 743 2767 843 2828; x_wconf 91' lang='lat' dir='ltr'><strong>alium</strong></span> <span class='ocrx_word' id='word_1_170' title='bbox 859 2789 985 2848; x_wconf 90' lang='lat' dir='ltr'><strong>quoque</strong></span> <span class='ocrx_word' id='word_1_171' title='bbox 1009 2766 1096 2829; x_wconf 89' lang='lat' dir='ltr'><strong>Flori</strong></span> <span class='ocrx_word' id='word_1_172' title='bbox 1119 2767 1261 2829; x_wconf 89' lang='lat' dir='ltr'><strong>codicem</strong></span> <span class='ocrx_word' id='word_1_173' title='bbox 1275 2765 1486 2827; x_wconf 88' lang='lat' dir='ltr'><strong>recentiorem</strong></span> <span class='ocrx_word' id='word_1_174' title='bbox 1502 2777 1533 2827; x_wconf 90' lang='lat' dir='ltr'><strong>et</strong></span> 
     </span>
     <span class='ocr_line' id='line_1_22' title="bbox 368 2871 982 2955; baseline -0.005 -18"><span class='ocrx_word' id='word_1_175' title='bbox 368 2872 515 2937; x_wconf 87' lang='lat' dir='ltr'><strong>Iordanis</strong></span> <span class='ocrx_word' id='word_1_176' title='bbox 531 2871 696 2954; x_wconf 82' lang='lat' dir='ltr'><strong>egregium</strong></span> <span class='ocrx_word' id='word_1_177' title='bbox 710 2874 847 2935; x_wconf 90' lang='lat' dir='ltr'><strong>utendos</strong></span> <span class='ocrx_word' id='word_1_178' title='bbox 863 2872 982 2955; x_wconf 90' lang='lat' dir='ltr'><strong>accepi.</strong></span> 
     </span>
    </p>

    <p class='ocr_par' dir='ltr' id='par_1_4' title="bbox 367 2976 1542 4757">
     <span class='ocr_line' id='line_1_23' title="bbox 452 2976 1535 3060; baseline -0.002 -21"><span class='ocrx_word' id='word_1_179' title='bbox 452 2977 553 3039; x_wconf 89' lang='lat' dir='ltr'><strong>Hisce</strong></span> <span class='ocrx_word' id='word_1_180' title='bbox 575 2976 675 3059; x_wconf 91' lang='lat' dir='ltr'><strong>igitur</strong></span> <span class='ocrx_word' id='word_1_181' title='bbox 696 2977 900 3060; x_wconf 88' lang='lat' dir='ltr'><strong>potissimum</strong></span> <span class='ocrx_word' id='word_1_182' title='bbox 929 2980 1080 3043; x_wconf 89' lang='lat' dir='ltr'><strong>subsidiis</strong></span> <span class='ocrx_word' id='word_1_183' title='bbox 1104 2978 1234 3042; x_wconf 89' lang='lat' dir='ltr'><strong>adiutus</strong></span> <span class='ocrx_word' id='word_1_184' title='bbox 1257 2978 1344 3041; x_wconf 91' lang='lat' dir='ltr'><strong>Flori</strong></span> <span class='ocrx_word' id='word_1_185' title='bbox 1371 2978 1472 3039; x_wconf 90' lang='lat' dir='ltr'><strong>uerba</strong></span> <span class='ocrx_word' id='word_1_186' title='bbox 1495 2978 1535 3037; x_wconf 91' lang='lat' dir='ltr'><strong>ad</strong></span> 
     </span>
     <span class='ocr_line' id='line_1_24' title="bbox 367 3082 1535 3166; baseline -0.003 -20"><span class='ocrx_word' id='word_1_187' title='bbox 367 3083 491 3146; x_wconf 90' lang='lat' dir='ltr'><strong>codices</strong></span> <span class='ocrx_word' id='word_1_188' title='bbox 507 3084 778 3166; x_wconf 83' lang='lat' dir='ltr'><strong>Bambergensem</strong></span> <span class='ocrx_word' id='word_1_189' title='bbox 801 3094 896 3166; x_wconf 88' lang='lat' dir='ltr'><strong>atquc</strong></span> <span class='ocrx_word' id='word_1_190' title='bbox 916 3085 1154 3162; x_wconf 87' lang='lat' dir='ltr'><strong>Nazarianum,</strong></span> <span class='ocrx_word' id='word_1_191' title='bbox 1179 3084 1324 3147; x_wconf 90' lang='lat' dir='ltr'><strong>adhibito</strong></span> <span class='ocrx_word' id='word_1_192' title='bbox 1348 3082 1446 3145; x_wconf 90' lang='lat' dir='ltr'><strong>etiam</strong></span> <span class='ocrx_word' id='word_1_193' title='bbox 1467 3084 1535 3144; x_wconf 91' lang='lat' dir='ltr'><strong>Ior-</strong></span> 
     </span>
     <span class='ocr_line' id='line_1_25' title="bbox 369 3189 1536 3274; baseline -0.002 -23"><span class='ocrx_word' id='word_1_194' title='bbox 369 3191 464 3265; x_wconf 87' lang='lat' dir='ltr'><strong>dane,</strong></span> <span class='ocrx_word' id='word_1_195' title='bbox 482 3200 628 3252; x_wconf 89' lang='lat' dir='ltr'><strong>accurate</strong></span> <span class='ocrx_word' id='word_1_196' title='bbox 642 3189 789 3252; x_wconf 87' lang='lat' dir='ltr'><strong>recensui</strong></span> <span class='ocrx_word' id='word_1_197' title='bbox 811 3199 843 3252; x_wconf 89' lang='lat' dir='ltr'><strong>et</strong></span> <span class='ocrx_word' id='word_1_198' title='bbox 864 3213 945 3274; x_wconf 90' lang='lat' dir='ltr'><strong>quae</strong></span> <span class='ocrx_word' id='word_1_199' title='bbox 966 3192 1074 3255; x_wconf 93' lang='lat' dir='ltr'><strong>minus</strong></span> <span class='ocrx_word' id='word_1_200' title='bbox 1095 3202 1180 3254; x_wconf 88' lang='lat' dir='ltr'><strong>recte</strong></span> <span class='ocrx_word' id='word_1_201' title='bbox 1202 3190 1321 3273; x_wconf 89' lang='lat' dir='ltr'><strong>scripta</strong></span> <span class='ocrx_word' id='word_1_202' title='bbox 1341 3190 1536 3251; x_wconf 86' lang='lat' dir='ltr'><strong>uidebantur</strong></span> 
     </span>
     <span class='ocr_line' id='line_1_26' title="bbox 369 3294 1536 3382; baseline -0.001 -25"><span class='ocrx_word' id='word_1_203' title='bbox 369 3296 538 3357; x_wconf 90' lang='lat' dir='ltr'><strong>emendare</strong></span> <span class='ocrx_word' id='word_1_204' title='bbox 554 3294 675 3357; x_wconf 90' lang='lat' dir='ltr'><strong>studui.</strong></span> <span class='ocrx_word' id='word_1_205' title='bbox 709 3305 780 3357; x_wconf 88' lang='lat' dir='ltr'><strong>tum</strong></span> <span class='ocrx_word' id='word_1_206' title='bbox 795 3298 925 3359; x_wconf 91' lang='lat' dir='ltr'><strong>demum</strong></span> <span class='ocrx_word' id='word_1_207' title='bbox 948 3320 986 3361; x_wconf 89' lang='lat' dir='ltr'><strong>ea</strong></span> <span class='ocrx_word' id='word_1_208' title='bbox 1008 3320 1089 3382; x_wconf 91' lang='lat' dir='ltr'><strong>quae</strong></span> <span class='ocrx_word' id='word_1_209' title='bbox 1105 3319 1125 3360; x_wconf 90' lang='lat' dir='ltr'><strong>a</strong></span> <span class='ocrx_word' id='word_1_210' title='bbox 1139 3296 1218 3359; x_wconf 91' lang='lat' dir='ltr'><strong>uiris</strong></span> <span class='ocrx_word' id='word_1_211' title='bbox 1230 3296 1332 3358; x_wconf 89' lang='lat' dir='ltr'><strong>doctis</strong></span> <span class='ocrx_word' id='word_1_212' title='bbox 1348 3318 1365 3358; x_wconf 90' lang='lat' dir='ltr'><strong>e</strong></span> <span class='ocrx_word' id='word_1_213' title='bbox 1380 3294 1536 3358; x_wconf 86' lang='lat' dir='ltr'><strong>recentio-</strong></span> 
     </span>
     <span class='ocr_line' id='line_1_27' title="bbox 369 3399 1536 3484; baseline 0 -21"><span class='ocrx_word' id='word_1_214' title='bbox 369 3400 458 3463; x_wconf 87' lang='lat' dir='ltr'><strong>ribus</strong></span> <span class='ocrx_word' id='word_1_215' title='bbox 474 3399 637 3463; x_wconf 88' lang='lat' dir='ltr'><strong>codicibus</strong></span> <span class='ocrx_word' id='word_1_216' title='bbox 660 3410 756 3483; x_wconf 89' lang='lat' dir='ltr'><strong>atque</strong></span> <span class='ocrx_word' id='word_1_217' title='bbox 777 3400 921 3484; x_wconf 89' lang='lat' dir='ltr'><strong>ipsorum</strong></span> <span class='ocrx_word' id='word_1_218' title='bbox 942 3403 1128 3466; x_wconf 88' lang='lat' dir='ltr'><strong>coniectura</strong></span> <span class='ocrx_word' id='word_1_219' title='bbox 1150 3404 1190 3465; x_wconf 91' lang='lat' dir='ltr'><strong>ad</strong></span> <span class='ocrx_word' id='word_1_220' title='bbox 1212 3401 1398 3483; x_wconf 86' lang='lat' dir='ltr'><strong>scriptorem</strong></span> <span class='ocrx_word' id='word_1_221' title='bbox 1418 3401 1536 3463; x_wconf 90' lang='lat' dir='ltr'><strong>rectius</strong></span> 
     </span>
     <span class='ocr_line' id='line_1_28' title="bbox 370 3505 1535 3592; baseline -0.003 -22"><span class='ocrx_word' id='word_1_222' title='bbox 370 3505 633 3570; x_wconf 87' lang='lat' dir='ltr'><strong>constituendum</strong></span> <span class='ocrx_word' id='word_1_223' title='bbox 665 3507 773 3569; x_wconf 87' lang='lat' dir='ltr'><strong>adlata</strong></span> <span class='ocrx_word' id='word_1_224' title='bbox 801 3508 927 3592; x_wconf 88' lang='lat' dir='ltr'><strong>repperi</strong></span> <span class='ocrx_word' id='word_1_225' title='bbox 967 3509 1139 3592; x_wconf 82' lang='lat' dir='ltr'><strong>diligenter</strong></span> <span class='ocrx_word' id='word_1_226' title='bbox 1167 3508 1351 3570; x_wconf 85' lang='lat' dir='ltr'><strong>examinata</strong></span> <span class='ocrx_word' id='word_1_227' title='bbox 1377 3506 1412 3568; x_wconf 92' lang='lat' dir='ltr'><strong>in</strong></span> <span class='ocrx_word' id='word_1_228' title='bbox 1438 3527 1535 3569; x_wconf 87' lang='lat' dir='ltr'><strong>usum</strong></span> 
     </span>
     <span class='ocr_line' id='line_1_29' title="bbox 371 3610 1537 3698; baseline -0.003 -21"><span class='ocrx_word' id='word_1_229' title='bbox 371 3613 465 3677; x_wconf 87' lang='lat' dir='ltr'><strong>uerti.</strong></span> <span class='ocrx_word' id='word_1_230' title='bbox 498 3612 544 3676; x_wconf 89' lang='lat' dir='ltr'><strong>ita</strong></span> <span class='ocrx_word' id='word_1_231' title='bbox 558 3610 665 3675; x_wconf 89' lang='lat' dir='ltr'><strong>uerbis</strong></span> <span class='ocrx_word' id='word_1_232' title='bbox 681 3610 843 3694; x_wconf 87' lang='lat' dir='ltr'><strong>scriptoris</strong></span> <span class='ocrx_word' id='word_1_233' title='bbox 859 3614 1026 3698; x_wconf 87' lang='lat' dir='ltr'><strong>descriptis</strong></span> <span class='ocrx_word' id='word_1_234' title='bbox 1050 3625 1082 3676; x_wconf 92' lang='lat' dir='ltr'><strong>et</strong></span> <span class='ocrx_word' id='word_1_235' title='bbox 1103 3625 1259 3697; x_wconf 89' lang='lat' dir='ltr'><strong>apparatu</strong></span> <span class='ocrx_word' id='word_1_236' title='bbox 1280 3613 1390 3676; x_wconf 90' lang='lat' dir='ltr'><strong>critico</strong></span> <span class='ocrx_word' id='word_1_237' title='bbox 1412 3612 1537 3695; x_wconf 89' lang='lat' dir='ltr'><strong>digesto</strong></span> 
     </span>
     <span class='ocr_line' id='line_1_30' title="bbox 371 3717 1537 3803; baseline -0.001 -22"><span class='ocrx_word' id='word_1_238' title='bbox 371 3720 546 3781; x_wconf 90' lang='lat' dir='ltr'><strong>amicorum</strong></span> <span class='ocrx_word' id='word_1_239' title='bbox 561 3717 719 3781; x_wconf 87' lang='lat' dir='ltr'><strong>auxilium</strong></span> <span class='ocrx_word' id='word_1_240' title='bbox 735 3718 886 3782; x_wconf 89' lang='lat' dir='ltr'><strong>adhibere</strong></span> <span class='ocrx_word' id='word_1_241' title='bbox 901 3742 959 3803; x_wconf 89' lang='lat' dir='ltr'><strong>par</strong></span> <span class='ocrx_word' id='word_1_242' title='bbox 974 3720 1083 3783; x_wconf 90' lang='lat' dir='ltr'><strong>uisum</strong></span> <span class='ocrx_word' id='word_1_243' title='bbox 1097 3730 1157 3783; x_wconf 90' lang='lat' dir='ltr'><strong>est.</strong></span> <span class='ocrx_word' id='word_1_244' title='bbox 1189 3720 1297 3781; x_wconf 89' lang='lat' dir='ltr'><strong>omnia</strong></span> <span class='ocrx_word' id='word_1_245' title='bbox 1317 3719 1417 3802; x_wconf 83' lang='lat' dir='ltr'><strong>igitur</strong></span> <span class='ocrx_word' id='word_1_246' title='bbox 1432 3720 1537 3781; x_wconf 86' lang='lat' dir='ltr'><strong>Theo-</strong></span> 
     </span>
     <span class='ocr_line' id='line_1_31' title="bbox 371 3823 1538 3908; baseline 0 -23"><span class='ocrx_word' id='word_1_247' title='bbox 371 3826 447 3886; x_wconf 92' lang='lat' dir='ltr'><strong>doro</strong></span> <span class='ocrx_word' id='word_1_248' title='bbox 463 3823 677 3886; x_wconf 90' lang='lat' dir='ltr'><strong>Mommsenio</strong></span> <span class='ocrx_word' id='word_1_249' title='bbox 693 3825 828 3899; x_wconf 91' lang='lat' dir='ltr'><strong>tradidi,</strong></span> <span class='ocrx_word' id='word_1_250' title='bbox 848 3825 904 3908; x_wconf 94' lang='lat' dir='ltr'><strong>qui</strong></span> <span class='ocrx_word' id='word_1_251' title='bbox 919 3836 1034 3889; x_wconf 89' lang='lat' dir='ltr'><strong>cuncta</strong></span> <span class='ocrx_word' id='word_1_252' title='bbox 1060 3836 1207 3888; x_wconf 90' lang='lat' dir='ltr'><strong>accurate</strong></span> <span class='ocrx_word' id='word_1_253' title='bbox 1229 3825 1426 3907; x_wconf 89' lang='lat' dir='ltr'><strong>perlustrans</strong></span> <span class='ocrx_word' id='word_1_254' title='bbox 1443 3845 1538 3907; x_wconf 90' lang='lat' dir='ltr'><strong>quae·</strong></span> 
     </span>
     <span class='ocr_line' id='line_1_32' title="bbox 371 3928 1538 4011; baseline -0.001 -20"><span class='ocrx_word' id='word_1_255' title='bbox 371 3950 509 4011; x_wconf 91' lang='lat' dir='ltr'><strong>cumque</strong></span> <span class='ocrx_word' id='word_1_256' title='bbox 530 3928 638 3991; x_wconf 90' lang='lat' dir='ltr'><strong>minus</strong></span> <span class='ocrx_word' id='word_1_257' title='bbox 663 3939 789 3991; x_wconf 82' lang='lat' dir='ltr'><strong>recten</strong></span> <span class='ocrx_word' id='word_1_258' title='bbox 814 3953 865 3993; x_wconf 93' lang='lat' dir='ltr'><strong>me</strong></span> <span class='ocrx_word' id='word_1_259' title='bbox 892 3932 1116 3995; x_wconf 88' lang='lat' dir='ltr'><strong>administrata</strong></span> <span class='ocrx_word' id='word_1_260' title='bbox 1142 3930 1337 3994; x_wconf 89' lang='lat' dir='ltr'><strong>uidebantur</strong></span> <span class='ocrx_word' id='word_1_261' title='bbox 1358 3930 1487 3993; x_wconf 91' lang='lat' dir='ltr'><strong>notauit</strong></span> <span class='ocrx_word' id='word_1_262' title='bbox 1507 3939 1538 3991; x_wconf 90' lang='lat' dir='ltr'><strong>et</strong></span> 
     </span>
     <span class='ocr_line' id='line_1_33' title="bbox 371 4032 1540 4121; baseline 0 -25"><span class='ocrx_word' id='word_1_263' title='bbox 371 4056 452 4117; x_wconf 89' lang='lat' dir='ltr'><strong>quae</strong></span> <span class='ocrx_word' id='word_1_264' title='bbox 466 4033 529 4117; x_wconf 92' lang='lat' dir='ltr'><strong>ipsi</strong></span> <span class='ocrx_word' id='word_1_265' title='bbox 543 4032 579 4095; x_wconf 92' lang='lat' dir='ltr'><strong>in</strong></span> <span class='ocrx_word' id='word_1_266' title='bbox 593 4042 735 4096; x_wconf 88' lang='lat' dir='ltr'><strong>mentem</strong></span> <span class='ocrx_word' id='word_1_267' title='bbox 751 4036 925 4099; x_wconf 90' lang='lat' dir='ltr'><strong>ueniebant</strong></span> <span class='ocrx_word' id='word_1_268' title='bbox 940 4037 1108 4121; x_wconf 87' lang='lat' dir='ltr'><strong>adscripsit</strong></span> <span class='ocrx_word' id='word_1_269' title='bbox 1115 4061 1124 4112; x_wconf 83' lang='lat'>3</span> <span class='ocrx_word' id='word_1_270' title='bbox 1144 4046 1271 4099; x_wconf 89' lang='lat' dir='ltr'><strong>tumres</strong></span> <span class='ocrx_word' id='word_1_271' title='bbox 1287 4037 1327 4098; x_wconf 92' lang='lat' dir='ltr'><strong>ad</strong></span> <span class='ocrx_word' id='word_1_272' title='bbox 1342 4036 1540 4099; x_wconf 89' lang='lat' dir='ltr'><strong>Mauricium</strong></span> 
     </span>
     <span class='ocr_line' id='line_1_34' title="bbox 371 4138 1536 4225; baseline -0.001 -21"><span class='ocrx_word' id='word_1_273' title='bbox 371 4139 557 4222; x_wconf 90' lang='lat' dir='ltr'><strong>Hauptium</strong></span> <span class='ocrx_word' id='word_1_274' title='bbox 571 4138 677 4202; x_wconf 89' lang='lat' dir='ltr'><strong>delata</strong></span> <span class='ocrx_word' id='word_1_275' title='bbox 693 4149 752 4215; x_wconf 88' lang='lat' dir='ltr'><strong>est,</strong></span> <span class='ocrx_word' id='word_1_276' title='bbox 770 4141 826 4223; x_wconf 91' lang='lat' dir='ltr'><strong>qui</strong></span> <span class='ocrx_word' id='word_1_277' title='bbox 844 4144 956 4205; x_wconf 91' lang='lat' dir='ltr'><strong>eadem</strong></span> <span class='ocrx_word' id='word_1_278' title='bbox 971 4143 1094 4206; x_wconf 89' lang='lat' dir='ltr'><strong>ratione</strong></span> <span class='ocrx_word' id='word_1_279' title='bbox 1110 4163 1191 4224; x_wconf 91' lang='lat' dir='ltr'><strong>quae</strong></span> <span class='ocrx_word' id='word_1_280' title='bbox 1206 4151 1342 4225; x_wconf 90' lang='lat' dir='ltr'><strong>uterque</strong></span> <span class='ocrx_word' id='word_1_281' title='bbox 1358 4140 1536 4204; x_wconf 90' lang='lat' dir='ltr'><strong>elaboraui-</strong></span> 
     </span>
     <span class='ocr_line' id='line_1_35' title="bbox 369 4244 1538 4330; baseline -0.003 -19"><span class='ocrx_word' id='word_1_282' title='bbox 369 4268 443 4311; x_wconf 89' lang='lat' dir='ltr'><strong>mus</strong></span> <span class='ocrx_word' id='word_1_283' title='bbox 457 4244 627 4309; x_wconf 88' lang='lat' dir='ltr'><strong>recensuit.</strong></span> <span class='ocrx_word' id='word_1_284' title='bbox 659 4245 791 4307; x_wconf 88' lang='lat' dir='ltr'><strong>tertium</strong></span> <span class='ocrx_word' id='word_1_285' title='bbox 812 4247 863 4310; x_wconf 90' lang='lat' dir='ltr'><strong>his</strong></span> <span class='ocrx_word' id='word_1_286' title='bbox 878 4270 912 4311; x_wconf 91' lang='lat' dir='ltr'><strong>se</strong></span> <span class='ocrx_word' id='word_1_287' title='bbox 927 4250 1061 4312; x_wconf 85' lang='lat' dir='ltr'><strong>Carolus</strong></span> <span class='ocrx_word' id='word_1_288' title='bbox 1084 4247 1299 4330; x_wconf 89' lang='lat' dir='ltr'><strong>Nipperdeius</strong></span> <span class='ocrx_word' id='word_1_289' title='bbox 1326 4247 1538 4310; x_wconf 87' lang='lat' dir='ltr'><strong>adiuncturus</strong></span> 
     </span>
     <span class='ocr_line' id='line_1_36' title="bbox 372 4352 1540 4436; baseline -0.001 -21"><span class='ocrx_word' id='word_1_290' title='bbox 372 4362 457 4428; x_wconf 85' lang='lat' dir='ltr'><strong>erat3</strong></span> <span class='ocrx_word' id='word_1_291' title='bbox 490 4373 605 4414; x_wconf 90' lang='lat' dir='ltr'><strong>uerum</strong></span> <span class='ocrx_word' id='word_1_292' title='bbox 627 4352 740 4413; x_wconf 87' lang='lat' dir='ltr'><strong>lenam</strong></span> <span class='ocrx_word' id='word_1_293' title='bbox 755 4365 907 4417; x_wconf 79' lang='lat' dir='ltr'><strong>euocatus</strong></span> <span class='ocrx_word' id='word_1_294' title='bbox 939 4355 1034 4418; x_wconf 87' lang='lat' dir='ltr'><strong>Floro</strong></span> <span class='ocrx_word' id='word_1_295' title='bbox 1062 4374 1192 4436; x_wconf 90' lang='lat' dir='ltr'><strong>operam</strong></span> <span class='ocrx_word' id='word_1_296' title='bbox 1215 4375 1328 4431; x_wconf 90' lang='lat' dir='ltr'><strong>suam,</strong></span> <span class='ocrx_word' id='word_1_297' title='bbox 1360 4374 1442 4436; x_wconf 88' lang='lat' dir='ltr'><strong>quae</strong></span> <span class='ocrx_word' id='word_1_298' title='bbox 1464 4372 1540 4414; x_wconf 87' lang='lat' dir='ltr'><strong>sane</strong></span> 
     </span>
     <span class='ocr_line' id='line_1_37' title="bbox 372 4457 1538 4545; baseline 0.001 -26"><span class='ocrx_word' id='word_1_299' title='bbox 372 4479 469 4539; x_wconf 88' lang='lat' dir='ltr'><strong>quam</strong></span> <span class='ocrx_word' id='word_1_300' title='bbox 482 4458 623 4522; x_wconf 84' lang='lat' dir='ltr'><strong>maxime</strong></span> <span class='ocrx_word' id='word_1_301' title='bbox 639 4457 787 4521; x_wconf 89' lang='lat' dir='ltr'><strong>salutaris</strong></span> <span class='ocrx_word' id='word_1_302' title='bbox 802 4459 935 4537; x_wconf 85' lang='lat' dir='ltr'><strong>fuisset,</strong></span> <span class='ocrx_word' id='word_1_303' title='bbox 958 4471 1119 4544; x_wconf 89' lang='lat' dir='ltr'><strong>praestare</strong></span> <span class='ocrx_word' id='word_1_304' title='bbox 1140 4480 1207 4522; x_wconf 92' lang='lat' dir='ltr'><strong>non</strong></span> <span class='ocrx_word' id='word_1_305' title='bbox 1221 4460 1339 4545; x_wconf 90' lang='lat' dir='ltr'><strong>potuit.</strong></span> <span class='ocrx_word' id='word_1_306' title='bbox 1378 4459 1445 4521; x_wconf 91' lang='lat' dir='ltr'><strong>iam</strong></span> <span class='ocrx_word' id='word_1_307' title='bbox 1462 4480 1538 4521; x_wconf 90' lang='lat' dir='ltr'><strong>uero</strong></span> 
     </span>
     <span class='ocr_line' id='line_1_38' title="bbox 371 4563 1540 4649; baseline 0.002 -25"><span class='ocrx_word' id='word_1_308' title='bbox 371 4572 477 4626; x_wconf 88' lang='lat' dir='ltr'><strong>totum</strong></span> <span class='ocrx_word' id='word_1_309' title='bbox 492 4586 571 4646; x_wconf 88' lang='lat' dir='ltr'><strong>opus</strong></span> <span class='ocrx_word' id='word_1_310' title='bbox 586 4575 660 4647; x_wconf 88' lang='lat' dir='ltr'><strong>post</strong></span> <span class='ocrx_word' id='word_1_311' title='bbox 681 4565 888 4627; x_wconf 90' lang='lat' dir='ltr'><strong>Mommsenii</strong></span> <span class='ocrx_word' id='word_1_312' title='bbox 911 4565 1117 4649; x_wconf 87' lang='lat' dir='ltr'><strong>Hauptiique</strong></span> <span class='ocrx_word' id='word_1_313' title='bbox 1140 4588 1233 4631; x_wconf 87' lang='lat' dir='ltr'><strong>curas</strong></span> <span class='ocrx_word' id='word_1_314' title='bbox 1255 4568 1294 4629; x_wconf 90' lang='lat' dir='ltr'><strong>de</strong></span> <span class='ocrx_word' id='word_1_315' title='bbox 1317 4566 1444 4647; x_wconf 89' lang='lat' dir='ltr'><strong>integro</strong></span> <span class='ocrx_word' id='word_1_316' title='bbox 1468 4563 1540 4627; x_wconf 85' lang='lat' dir='ltr'><strong>dili-</strong></span> 
     </span>
     <span class='ocr_line' id='line_1_39' title="bbox 370 4671 1542 4757; baseline 0.002 -28"><span class='ocrx_word' id='word_1_317' title='bbox 370 4677 509 4750; x_wconf 85' lang='lat' dir='ltr'><strong>gentera</strong></span> <span class='ocrx_word' id='word_1_318' title='bbox 520 4689 572 4731; x_wconf 90' lang='lat' dir='ltr'><strong>me</strong></span> <span class='ocrx_word' id='word_1_319' title='bbox 583 4680 790 4735; x_wconf 88' lang='lat' dir='ltr'><strong>retractatum</strong></span> <span class='ocrx_word' id='word_1_320' title='bbox 798 4672 996 4757; x_wconf 87' lang='lat' dir='ltr'><strong>typographo</strong></span> <span class='ocrx_word' id='word_1_321' title='bbox 1005 4672 1132 4737; x_wconf 85' lang='lat' dir='ltr'><strong>tradidi.</strong></span> <span class='ocrx_word' id='word_1_322' title='bbox 1151 4673 1295 4757; x_wconf 82' lang='lat' dir='ltr'><strong>singulas</strong></span> <span class='ocrx_word' id='word_1_323' title='bbox 1302 4671 1542 4755; x_wconf 85' lang='lat' dir='ltr'><strong>plagulasinter</strong></span> 
     </span>
    </p>
   </div>
   <div class='ocr_carea' id='block_1_3' title="bbox 0 0 1919 5534">
    <p class='ocr_par' dir='ltr' id='par_1_5' title="bbox 0 0 1919 5534">
     <span class='ocr_line' id='line_1_40' title="bbox 0 0 1919 5534; baseline 0 0"><span class='ocrx_word' id='word_1_324' title='bbox 0 0 1919 5534; x_wconf 95' lang='lat' dir='ltr'><strong> </strong></span> 
     </span>
    </p>
   </div>
  </div>
 </body>
</html>
