3809 5534
421 1620 435 1677 1

454 600 473 659 6
944 618 1014 660 ivri
1032 618 1128 660 motu

452 766 516 829 fuit
532 777 658 850 tempus
674 766 752 829 uiris
768 765 864 829 armis
879 766 1159 843 incitatissimum,
1177 768 1312 850 ideoque
1333 766 1405 849 quis
1422 768 1605 831 adulescen-

454 872 533 935 tiam
547 872 674 935 dixerit.
701 871 851 954 deinceps
872 873 911 933 ad
928 873 1096 935 Caesarem
1116 875 1304 955 Augustum
1318 894 1354 935 cc
1374 872 1471 949 anni,
1490 873 1603 956 quibus

454 988 559 1041 totum
575 979 683 1040 orbem
698 976 837 1060 pacauit.
857 977 910 1039 hic
925 977 990 1040 iam
1005 978 1076 1062 ipsa
1091 979 1245 1042 iuuentus
1261 979 1387 1064 imperii
1402 991 1435 1042 et
1450 979 1544 1061 quasi
1558 1002 1602 1042 ro

451 1085 549 1146 busta
562 1083 742 1145 maturitas
767 1105 786 1144 a
800 1083 934 1146 Caesare
949 1085 1099 1168 Angusto
1121 1085 1156 1146 in
1179 1084 1344 1148 saeculum
1366 1094 1514 1147 nostrum
1530 1085 1604 1147 haut

453 1188 678 1252 multominus
695 1188 772 1250 anni
788 1189 930 1265 ducenti,
957 1189 1074 1272 quibus
1094 1189 1209 1252 inertia
1231 1191 1404 1253 Caesarum
1425 1190 1519 1273 quasi
1534 1213 1602 1254 con·
1620 1203 1631 1251 5

453 1294 561 1357 senuit
582 1295 685 1378 adque
708 1294 853 1371 decoxit,
875 1294 939 1357 nisi
954 1297 1041 1378 quod
1056 1296 1116 1358 sub
1132 1295 1271 1359 Traiano
1284 1295 1428 1379 principe
1442 1296 1548 1359 mouit
1564 1297 1604 1359 la·

453 1410 555 1463 certos
582 1410 613 1462 et
633 1410 757 1484 praeter
780 1422 868 1484 spem
891 1401 1035 1464 omnium
1051 1412 1199 1463 senectus
1222 1400 1348 1485 imperii
1370 1401 1463 1484 quasi
1486 1402 1604 1465 reddita

453 1506 625 1569 iuuentute
639 1505 785 1569 reuiruit.

529 1606 678 1675 ”Primus
694 1612 750 1674 ille
762 1623 794 1673 et
805 1610 893 1673 urbis
906 1622 937 1674 et
949 1611 1074 1697 imperii
1086 1613 1230 1677 conditor
1241 1613 1401 1676 Romulus
1413 1614 1490 1690 fuit,
1504 1614 1603 1676 Marte
1619 1610 1637 1671 l

454 1718 583 1801 genitus
600 1728 632 1780 et
646 1718 741 1780 Rhea
757 1716 867 1780 Silvia.
893 1717 954 1779 hoc
970 1720 1009 1780 de
1025 1740 1058 1781 se
1074 1720 1219 1782 sacerdos
1239 1718 1372 1802 grauida
1387 1720 1534 1783 consessa
1549 1728 1603 1793 est,
1621 1726 1647 1777 lt

454 1846 514 1886 nec
528 1844 605 1910 grex
619 1823 705 1885 fama
720 1821 901 1897 dubitauit,
922 1845 997 1885 oum
1011 1824 1137 1887 Amulii
1151 1824 1235 1907 regis
1258 1823 1391 1907 imperio
1413 1824 1555 1888 iactatus
1574 1824 1605 1887 in
1642 1869 1668 1936 g

453 1925 666 2012 profluentem
681 1949 756 1990 cum
771 1929 874 1990 Remo
897 1927 993 1992 fratre
1015 1951 1082 1992 non
1102 1929 1209 2013 potuit
1231 1929 1389 2012 extingui.
1424 1930 1453 1993 si
1479 1932 1606 2014 quidem

454 2046 486 2097 et
513 2033 684 2097 Tiberinus
721 2055 848 2097 anmem
883 2034 1051 2117 repressit,
1086 2048 1118 2097 et
1149 2034 1269 2097 relictis
1301 2034 1417 2098 catulis
1447 2033 1529 2117 lupa
1564 2056 1605 2098 se·

453 2154 529 2203 cuta
544 2139 692 2223 uagitum
708 2140 786 2202 uber
801 2139 945 2202 admouit
966 2139 1145 2203 infantibus
1161 2150 1359 2221 matremque
1381 2139 1459 2221 egit.
1495 2139 1541 2202 sic
1563 2161 1605 2202 re·

452 2256 559 2329 pertos
575 2256 654 2329 aput
669 2246 813 2308 arborem
828 2245 1006 2308 Faustulus
1020 2246 1100 2329 regii
1115 2246 1220 2329 gregis
1235 2256 1344 2328 pastor
1359 2244 1436 2308 tulit
1450 2245 1488 2307 in
1503 2267 1604 2309 casam
1621 2254 1655 2304 15

452 2353 557 2434 adque
572 2349 734 2413 educauit.
754 2350 837 2412 Alba
852 2360 923 2412 tum
937 2362 1006 2413 erat
1020 2351 1115 2414 Latio
1130 2362 1238 2434 caput,
1257 2349 1323 2414 Iuli
1339 2372 1420 2433 opus
1428 2375 1438 2425 ;
1456 2359 1535 2413 nam
1547 2345 1605 2414 La·

453 2455 580 2518 uinium
595 2456 695 2540 patris
706 2458 835 2518 Aeneae
847 2466 1091 2539 contempserat.
1111 2457 1151 2519 ab
1163 2455 1214 2518 his
1225 2456 1377 2519 Amulius
1392 2455 1459 2519 iam
1474 2456 1606 2540 septima

403 2569 406 2574 '
453 2562 565 2625 subole
580 2562 746 2645 regnabat,
764 2561 860 2624 fratre
875 2563 970 2646 pulso
985 2562 1168 2638 Numitore,
1186 2561 1278 2624 ouius
1295 2583 1335 2624 ex
1350 2561 1419 2624 filia
1433 2563 1603 2626 Romulus.

453 2667 553 2751 igitur
567 2668 678 2731 statim
691 2668 795 2752 prima
815 2666 1089 2745 iuuentutisface
1113 2678 1267 2751 patruum
1290 2668 1330 2731 ab
1353 2688 1424 2729 arce
1445 2670 1605 2745 deturbat,

453 2795 552 2837 auum
566 2774 703 2857 reponit.
727 2774 796 2857 ipse
811 2773 954 2836 fluminis
971 2783 1094 2836 amator
1108 2784 1141 2836 et
1155 2773 1333 2848 montium,
1350 2783 1431 2857 aput
1446 2796 1528 2857 quos
1544 2785 1607 2864 erat
1623 2783 1649 2834 u

453 2880 625 2954 educatuS,
649 2878 776 2941 moenia
790 2900 894 2941 nouae
908 2878 998 2941 urbis
1014 2878 1166 2961 agitabat.
1191 2879 1313 2962 gemini
1333 2890 1423 2943 erant
1431 2904 1441 2956 ;
1465 2892 1539 2944 uter
1554 2903 1607 2943 au-

453 2983 631 3067 spicaretur
658 2993 690 3045 et
717 2993 857 3067 regeret,
880 2983 1031 3045 adhibere
1052 2983 1176 3068 placuit
1198 2985 1284 3047 deos.
1315 2986 1440 3049 Remus
1466 2998 1609 3050 montem

453 3087 666 3165 Auentinum,
683 3089 736 3151 hic
752 3088 940 3153 Palatinum
956 3100 1100 3174 occupat.
1119 3089 1208 3173 prius
1223 3089 1278 3152 ille
1294 3112 1350 3154 sex
1365 3092 1541 3168 uulturios,
1558 3094 1609 3155 hic

453 3206 582 3277 postea,
606 3196 662 3258 sed
684 3195 853 3258 duodecim
875 3194 975 3258 uidet.
1002 3194 1047 3257 sic
1069 3195 1173 3259 uictor
1194 3196 1329 3279 augurio
1348 3197 1461 3261 urbem
1476 3198 1608 3274 excitat,

452 3299 569 3382 plenus
591 3299 660 3382 spei
678 3300 877 3364 bellatricem
897 3301 982 3375 fore3
999 3300 1049 3371 ¹id
1075 3303 1227 3364 adsuetae
1255 3302 1413 3386 sanguine
1437 3314 1470 3366 et
1492 3306 1658 3387 praedata

453 3427 529 3468 aues
544 3405 788 3489 pollicebantur.
808 3407 849 3468 ad
861 3407 996 3469 tutelam
1007 3429 1111 3470 nouae
1124 3407 1211 3469 urbis
1224 3408 1367 3471 sufficere
1379 3409 1507 3472 uallum
1520 3410 1610 3473 uide-
1627 3484 1630 3490 Ι

451 3512 565 3588 batur,
590 3512 683 3575 cuius
705 3512 783 3573 dum
804 3511 970 3594 angustias
986 3513 1109 3576 Remus
1125 3512 1270 3596 increpat
1285 3513 1389 3589 saltu,
1414 3514 1553 3578 dubium
1569 3538 1610 3581 an

451 3618 545 3681 iussu
560 3618 678 3694 fratris,
696 3616 819 3681 occisus
835 3627 900 3680 est:
926 3616 1029 3700 prima
1044 3629 1128 3680 certe
1150 3617 1283 3681 uictima
1297 3618 1360 3681 fuit
1379 3620 1610 3684 munitionem·

452 3744 514 3804 que
530 3724 618 3787 urbis
633 3737 737 3787 nouae
753 3722 910 3806 sanguine
926 3745 985 3786 suo
1008 3723 1217 3786 consecrauit.
1236 3722 1410 3805 imaginem
1432 3722 1609 3788 urbis'ma-

457 4003 465 4051 1
489 3999 550 4053 ideo
568 4000 627 4069 quis
652 4013 676 4053 N
700 4002 708 4070 Η
728 4005 742 4052 2
767 4015 800 4055 cc
816 4020 848 4063 3:
878 4008 986 4055 centum
1010 4009 1037 4053 et
1061 4001 1260 4071 quinquaginta
1278 4012 1322 4053 BN
1342 4000 1351 4070 ΗΗ
1377 4001 1534 4057 3iuuentas
1555 4018 1580 4057 N
1597 4007 1605 4075 Η

453 4094 482 4139 et
499 4084 631 4155 quaedam
650 4086 727 4154 quasi
745 4100 769 4138 N
787 4086 796 4155 Η
821 4087 995 4140 111ευὶ111111
1010 4099 1035 4139 Ν
1053 4087 1061 4155 ΗΗ
1088 4091 1118 4139 10
1137 4087 1202 4139 hroa
1225 4099 1250 4139 N
1266 4086 1275 4155 ΗΗ
1297 4090 1328 4139 to
1349 4085 1517 4140 confessusb
1540 4089 1549 4158 ΗΗ
1579 4094 1604 4142 11

452 4170 597 4236 amulliB,
619 4170 627 4241 ΗΗ
646 4172 718 4241 regis
737 4190 779 4223 om
797 4184 822 4223 N
840 4171 849 4241 ΗΗ
869 4172 989 4225 abiectus
1014 4183 1051 4223 1N
1075 4170 1084 4241 ΗΗ
1112 4174 1142 4222 11
1167 4172 1251 4225 ubera
1268 4172 1323 4224 1PN
1347 4170 1355 4241 ΗΗ
1385 4178 1556 4242 matremque
1581 4192 1610 4227 se

454 4258 540 4327 gessit
552 4258 595 4325 fN,
622 4256 767 4325 matrisque
787 4257 871 4325 gessit
890 4256 1008 4310 officium
1025 4270 1041 4309 1
1058 4256 1066 4327 ΗΗ
1090 4257 1213 4327 regiiom
1233 4257 1283 4327 ΝΗ
1306 4260 1335 4310 16
1358 4255 1479 4309 ablatum
1493 4270 1520 4321 Ι,
1547 4257 1610 4312 alba

454 4351 518 4396 tunc
530 4342 575 4412 ΝΗΗ
591 4346 621 4395 16
634 4340 765 4395 labiniam
777 4353 796 4393 B
810 4341 818 4410 ΗΗ
835 4345 862 4392 lt
877 4343 996 4396 amillius
1010 4343 1040 4408 b,
1062 4342 1219 4395 amulliusB
1240 4342 1248 4412 ΗΗ
1271 4345 1301 4394 18
1314 4342 1450 4396 numitore
1463 4360 1505 4393 om
1517 4343 1562 4413 ΝΗ
1579 4347 1609 4395 19

455 4427 581 4482 iuuentae
593 4440 618 4481 N
629 4427 638 4498 Η
651 4426 718 4479 facie
729 4438 768 4479 IN
786 4426 794 4494 ΗΗ
812 4427 928 4496 patrium
941 4427 1071 4481 amulium
1083 4427 1203 4480 roinulus
1221 4428 1255 4481 ab
1276 4440 1302 4480 N
1319 4427 1328 4496 ΗΗ
1349 4430 1381 4479 22
1401 4425 1532 4478 adhibere
1550 4428 1609 4497 pia·

454 4513 514 4564 cula
525 4526 651 4566 remusN
669 4513 678 4582 ΗΗ
698 4516 729 4564 23
744 4512 816 4583 prior
828 4524 852 4563 N
864 4511 872 4581 ΗΗ
892 4512 1014 4565 uultures
1026 4525 1064 4564 ΙΝ
1081 4512 1090 4581 ΗΗ
1110 4512 1252 4565 2111111111
1271 4515 1280 4584 ΗΗ
1299 4512 1338 4565 ita
1358 4510 1398 4563 illi
1410 4501 1541 4563 'adsuetae
1553 4524 1580 4564 N
1598 4512 1607 4581 ΗΗ

456 4597 487 4646 26
501 4596 624 4649 tutellam
636 4610 655 4650 B
669 4599 677 4668 Η
692 4602 721 4651 21
737 4598 801 4651 dum
813 4596 913 4651 inridet
925 4597 1063 4666 angustias
1076 4615 1165 4649 remus
1178 4597 1260 4666 idque
1274 4599 1394 4667 increpat
1412 4594 1458 4665 ΝΗ
1472 4594 1544 4649 saltu
1560 4597 1611 4650 du-

455 4678 528 4731 bium
547 4693 586 4732 N:
604 4681 674 4735 saltu
687 4682 823 4737 transiluit
835 4682 947 4737 dubium
960 4694 994 4733 Νι
1006 4682 1014 4750 ΗΗ
