3809 5534
367 635 407 695 70
859 649 929 692 tvm
946 649 1043 693 raoni

366 802 447 865 alter
461 820 586 884 quoque
601 798 785 862 Balearicus
799 809 978 862 uocaretur.
1003 798 1153 863 Baleares
1167 816 1224 879 per
1238 796 1272 861 id
1285 807 1416 878 tempus
1431 796 1529 860 insu-

366 907 417 972 lae
432 906 567 989 piratica
580 903 668 967 rabie
682 903 783 968 maria
797 913 1014 986 corruperant.
1041 902 1189 966 homines
1202 901 1284 966 leros
1300 912 1398 985 atque
1410 902 1535 965 silues—

367 1023 430 1078 tres
445 1010 567 1076 mireris
582 1031 675 1073 ausos
691 1031 710 1071 a
725 1008 863 1093 seopulis
877 1008 943 1073 suis
959 1009 1074 1073 saltem
1084 1007 1186 1072 maria
1196 1006 1386 1090 prospicere.
1411 1029 1527 1071 ascen-

366 1118 439 1180 dere
454 1116 553 1180 etiam
566 1114 747 1180 inconditas
762 1126 845 1179 rates
867 1125 899 1177 et
919 1113 1236 1197 praeternauigantes
1258 1112 1397 1177 subinde
1417 1112 1527 1195 inopi·

366 1231 443 1284 nato
469 1220 591 1303 impetu
611 1231 760 1282 terruere.
796 1231 845 1283 set
870 1242 944 1283 cum
970 1220 1156 1283 uenientem
1181 1220 1221 1283 ab
1244 1218 1309 1281 alto
1335 1220 1522 1284 Romanam
1540 1235 1553 1282 ⁵

366 1327 500 1389 classem
514 1325 767 1408 prospexissent,
784 1327 935 1407 praedam
949 1336 1120 1408 putantes,
1145 1323 1214 1387 ausi
1229 1323 1327 1386 etiam
1342 1345 1516 1400 occurrere,

366 1440 398 1493 et
424 1430 526 1513 primo
552 1430 676 1512 Impetu
701 1429 827 1513 ingenti
852 1431 998 1512 lapidum
1019 1450 1230 1511 saxorumque
1250 1428 1363 1491 nimbo
1386 1429 1515 1492 classem

365 1546 568 1618 operuerunt.
600 1536 702 1599 tribus
717 1535 850 1619 quisque
865 1536 974 1600 fundis
995 1534 1201 1618 proeliantur.
1234 1544 1336 1598 certos
1359 1555 1429 1596 esse
1449 1533 1513 1616 quis

364 1640 498 1704 miretur
511 1640 607 1716 ictus,
624 1662 698 1703 cum
712 1640 791 1703 haec
806 1641 874 1703 sola
888 1640 979 1724 genti
995 1662 1082 1702 anna
1097 1639 1174 1714 sint,
1191 1638 1225 1701 id
1239 1660 1343 1702 unum
1359 1640 1400 1701 ab
1415 1638 1512 1702 infan-

364 1746 411 1808 tia
425 1745 587 1808 studium?
609 1745 716 1807 cibum
730 1767 843 1828 puera
865 1758 967 1808 matre
987 1767 1053 1809 non
1076 1743 1211 1826 accipit,
1237 1743 1302 1806 nisi
1327 1765 1426 1830 quem
1451 1744 1512 1830 ipsa
1527 1753 1547 1802 lt

363 1861 561 1914 monstrante
572 1850 772 1932 percusserit.
787 1852 920 1915 sednon
931 1849 1190 1934 diulapidatione
1196 1850 1361 1912 Romanos
1368 1860 1510 1914 terruere.

363 1976 440 2017 nam
455 1964 625 2037 postquam
640 1954 818 2020 comminus
833 1967 968 2019 uentum
983 1966 1050 2033 est,
1073 1954 1258 2037 expertique
1281 1966 1386 2018 rostra
1407 1966 1440 2018 et
1454 1955 1512 2038 pila

364 2059 546 2136 uenientia,
570 2062 729 2143 pecudum
750 2059 785 2122 in
806 2083 926 2124 morem
947 2062 1084 2124 clamore
1099 2060 1225 2124 sublato
1239 2060 1428 2142 petiuerunt
1442 2061 1511 2144 fuga

359 2166 476 2242 litora,
504 2165 681 2249 dilapsique
706 2165 741 2228 in
767 2166 928 2248 proximos
955 2166 1096 2230 tumulos
1123 2164 1297 2246 quaerendi
1324 2164 1458 2229 fiienmt
1481 2176 1511 2228 ut

364 2272 580 2336 uincerentur.
1527 2280 1549 2327 lt

593 2492 726 2554 XLIII.
754 2490 1008 2554 EXPEDITIO
1025 2490 1076 2552 IN
1092 2491 1291 2556 CYPRON.

257 2728 311 2784 111,
329 2710 348 2770 9
363 2712 484 2776 Aderat
509 2711 613 2773 fatum
637 2709 826 2774 insularum.
862 2709 962 2792 igitur
980 2719 1012 2771 et
1034 2709 1155 2791 Cypros
1177 2719 1305 2792 recepta
1325 2709 1396 2774 sine
1421 2710 1512 2774 bello.

363 2816 503 2878 insulam
518 2815 679 2877 ueteribus
694 2815 818 2878 diuitiis
833 2814 1052 2878 abundantem
1067 2824 1099 2878 et
1120 2815 1161 2877 ob
1184 2815 1246 2880 hoc
1261 2815 1383 2879 Veneri
1398 2836 1514 2882 sacratu

365 2921 568 2983 Ptolemaeus
583 2921 724 3001 regebat.
754 2920 809 2982 sed
823 2918 1011 2984 diuitiarum
1027 2930 1119 2984 tanta
1132 2931 1201 2982 erat
1214 2920 1301 2982 fama
1307 2968 1318 2997 ,
1342 2942 1404 2983 nec
1425 2920 1513 2995 falso,

362 3037 400 3087 ut
414 3024 518 3087 uictor
532 3024 678 3107 gentium
691 3025 829 3107 populus
837 3035 877 3117 ,et
891 3025 1009 3087 donare
1030 3046 1129 3106 regna
1150 3036 1321 3090 consuetus
1344 3028 1385 3088 P.
1404 3024 1513 3090 clodio
1530 3032 1554 3081 2⁰

362 3130 492 3196 tribuno
507 3129 609 3212 plebis
624 3132 705 3192 duce
720 3129 797 3193 socii
812 3128 944 3212 uinique
958 3130 1042 3212 regis
1062 3129 1324 3194 confiscationem
1343 3132 1514 3194 mandaue-

363 3234 415 3298 rit.
438 3245 471 3297 et
485 3234 540 3311 ille
555 3234 684 3316 quidem
699 3235 739 3297 ad
754 3234 800 3297 rei
814 3235 933 3296 famam
948 3257 1074 3298 ueneno
1089 3235 1157 3297 fata
1175 3233 1349 3318 praecepit.
1376 3246 1515 3304 ceterum

364 3340 497 3403 Porcius
524 3340 606 3402 Cato
631 3339 764 3421 Cyprias
796 3362 871 3422 opes
897 3339 1033 3403 liburnis
1063 3362 1120 3422 per
1152 3339 1342 3403 Tiberinum
1375 3342 1515 3412 hostium

361 3444 499 3508 inuexit.
536 3466 616 3526 quae
642 3467 690 3508 res
716 3443 813 3507 latius
841 3444 998 3507 aerarium
1023 3445 1134 3529 populi
1155 3445 1297 3508 Romani
1319 3467 1419 3527 quam
1433 3448 1515 3509 ullus

361 3550 543 3634 triumphus
558 3548 717 3631 impleuit.
1531 3557 1554 3606 tt

625 3791 776 3856 XLIIII.
802 3792 987 3861 BELLVM
1004 3791 1251 3855 GALLICVM.

245 3997 300 4051 111,
313 3972 441 4036 toAsia
457 3971 593 4053 Pompei
607 3973 755 4047 manibus
778 3975 911 4037 subacta
932 3974 1071 4057 reliqua,
1099 3996 1179 4056 quae
1205 3977 1371 4039 restabant
1394 3940 1513 4046 iniEu·

362 4100 450 4161 ropa,
468 4079 610 4142 Fortuna
624 4076 659 4140 in
675 4080 843 4144 Caesarem
859 4080 1035 4144 transtulit.
1059 4081 1222 4143 restabant
1237 4092 1347 4145 autem
1361 4083 1512 4147 inmanis-

363 4351 374 4399 1
390 4347 461 4399 idem
473 4359 498 4399 Ν
509 4347 517 4416 ll
530 4350 545 4399 4
558 4348 783 4417 praenauigantes
795 4361 820 4401 Ν
830 4350 838 4419 ΙΙ
852 4328 991 4417 inossinato
1002 4361 1030 4414 B,
1045 4349 1137 4419 inopia
1147 4357 1212 4404 nato
1223 4362 1248 4405 Ν
1258 4351 1268 4421 ΙΙ
1282 4354 1296 4403 8
1309 4354 1459 4422 proeliatur
1468 4352 1509 4420 Nl

363 4435 394 4484 10
408 4432 540 4501 accepite
554 4431 562 4501 l
578 4435 606 4484 11
621 4431 754 4502 percussit
767 4432 806 4485 ὂΝ
817 4434 825 4504 Μ
838 4442 958 4488 terruere
969 4452 1095 4489 romanos
1105 4436 1150 4505 Nl
1166 4439 1197 4488 tr
1214 4453 1277 4489 nam
1294 4455 1336 4491 um
1353 4438 1399 4508 Nl
1412 4434 1512 4506 experti

361 4514 511 4583 emptorem
524 4517 533 4586 ll
549 4520 578 4569 13
592 4517 707 4570 clamore
721 4516 759 4568 ta
771 4529 796 4569 Ν
806 4518 815 4587 ll
831 4522 860 4571 14
870 4518 1021 4588 dilapsique
1034 4519 1073 4572 te
1082 4532 1108 4572 Ν
1118 4520 1127 4590 ΙΙ
1142 4524 1173 4576 16
1185 4532 1277 4576 XL1111
1288 4534 1308 4575 B
1321 4521 1330 4591 ΙΙ
1343 4535 1459 4576 erravit
1470 4533 1490 4573 B
1501 4518 1508 4586 l

364 4602 395 4651 18
409 4600 501 4653 uenire
513 4614 532 4653 B
545 4601 553 4670 ll
569 4606 599 4656 19
613 4603 765 4672 ptolomeus
780 4614 799 4655 B
812 4602 821 4671 ll
843 4610 870 4656 et
882 4602 1039 4656 diuitiarum
1049 4615 1074 4655 Ν
1085 4604 1093 4673 ll
1108 4607 1137 4657 21
1152 4604 1238 4674 plebis
1250 4624 1292 4658 om
1304 4618 1329 4659 Ν
1339 4606 1349 4675 ΙΙ
1368 4608 1400 4659 23
1413 4604 1511 4675 portius

363 4696 386 4736 Ν
397 4682 406 4750 ll
420 4684 452 4734 26
464 4698 522 4737 xcv
532 4698 552 4737 s
565 4686 573 4755 11
