3809 5534
681 602 828 645 nrrroua
846 602 886 656 11,
904 592 979 641 2-5
999 580 1068 665 [nn
1089 578 1223 663 11-171.

670 790 755 851 IIII.
782 786 966 850 SEDITIO
982 784 1256 848 APVLEIANA.

346 1041 349 1046 ,
404 975 500 1038 Nihilo
526 976 635 1039 minus
658 975 815 1057 Apuleius
846 973 1041 1037 Saturninus
1064 974 1269 1036 Gracchanas
1292 973 1435 1034 adserere
1456 971 1542 1053 leges
1556 986 1611 1040 111,
1626 965 1663 1026 16

404 1104 454 1143 non
478 1080 614 1145 destitit.
652 1092 779 1144 tanturn
805 1079 986 1143 animorum
1014 1080 1137 1143 Marius
1163 1081 1272 1155 dabat,
1301 1078 1356 1162 qui
1384 1074 1546 1140 nobilitati

405 1209 511 1271 semper
525 1187 689 1264 inimicus,
707 1187 877 1251 consulatu
892 1207 951 1248 suo
966 1198 1128 1269 praeterea
1143 1187 1339 1249 confisusss.
1372 1183 1476 1247 occiso
1491 1204 1545 1266 pa-

383 1292 454 1355 sam
467 1294 606 1358 comitiis
621 1295 662 1356 A.
681 1292 805 1357 Ninnio
820 1291 1018 1376 conpetitore
1035 1292 1217 1355 tribunatus
1229 1292 1401 1375 subrogare
1413 1300 1547 1352 conatus

406 1399 485 1462 estin
500 1401 571 1464 eius
583 1401 691 1464 locum
703 1402 741 1463 0.
757 1400 954 1475 Gracchum,
967 1397 1133 1461 hominem
1149 1398 1217 1461 sine
1230 1395 1327 1472 tribu,
1342 1396 1411 1460 sine
1422 1409 1545 1470 notore,

405 1504 459 1568 sine
472 1506 623 1581 nomine;
650 1517 699 1569 set
721 1506 851 1570 subdito
875 1506 971 1569 titulo
994 1505 1027 1567 in
1050 1504 1207 1567 familiam
1227 1502 1296 1587 ipse
1311 1525 1343 1566 se
1360 1505 1545 1586 adoptabat.

405 1632 464 1675 cum
479 1622 528 1676 tot
543 1612 707 1695 tantisque
722 1612 870 1676 ludibriis
885 1613 1045 1675 exultaret
1059 1611 1200 1695 inpune,
1222 1610 1371 1693 rogandis
1388 1609 1549 1673 Graccho·

346 1709 350 1804 1
404 1740 462 1781 rum
477 1718 605 1802 legibus
620 1718 667 1782 ita
682 1720 888 1782 uehementer
902 1718 1051 1781 incubuit
1066 1730 1103 1780 ut
1119 1728 1268 1781 senatum
1283 1739 1409 1800 quoque
1424 1726 1550 1799 cogeret

372 1829 390 1879 ¹⁰
403 1824 430 1887 in
442 1826 542 1888 uerba
569 1825 691 1902 iurare,
720 1847 794 1888 cum
821 1824 1038 1889 abnuentibus
1064 1846 1147 1908 aqua
1162 1836 1194 1887 et
1213 1824 1282 1909 igni
1303 1822 1551 1887 interdicturum

400 1931 579 2014 minaretur.
605 1953 691 1995 unus
714 1943 823 1995 tamen
839 1932 960 2007 extitit,
978 1930 1034 2015 qui
1054 1932 1166 1994 mallet
1189 1931 1334 1994 exilium.
1360 1930 1460 2014 igitur
1478 1941 1551 2011 post

400 2038 519 2101 Metelli
534 2038 647 2120 fugam
662 2037 750 2100 omni
765 2037 934 2101 nobilitate
949 2037 1097 2121 perculsa
1111 2059 1185 2099 curn
1201 2036 1266 2099 iam
1282 2035 1413 2099 tertium
1429 2057 1551 2098 annum

398 2146 628 2221 dominaretur,
652 2167 690 2207 eo
710 2144 862 2208 uesaniae
884 2165 1070 2227 progressus
1099 2154 1147 2205 est
1169 2153 1206 2204 ut
1228 2139 1409 2205 consularia
1425 2163 1551 2224 quoque

397 2251 522 2316 comitia
547 2272 634 2314 noua
655 2253 750 2314 caede
773 2252 926 2314 turbaret.
959 2251 1077 2333 quippe
1101 2260 1138 2312 ut
1167 2247 1340 2311 satellitem
1362 2246 1477 2310 furoris
1501 2244 1551 2307 sui

359 2361 381 2413 ¹5
398 2358 567 2422 Glauciam
582 2357 747 2419 consulem
769 2357 905 2432 faceret,
931 2356 1087 2420 Publium
1103 2354 1300 2417 Mummium
1322 2352 1553 2437 conpetitorem

395 2465 529 2529 interfici
544 2463 650 2538 iussit,
668 2472 700 2525 et
715 2461 749 2523 in
765 2484 802 2525 eo
816 2463 962 2525 tumultu
978 2484 1086 2544 regern
1098 2484 1138 2524 ex
1153 2460 1348 2524 satellitibus
1365 2459 1431 2522 suis
1449 2481 1482 2521 sc
1498 2479 1551 2540 ap-

397 2572 551 2653 pellatum
573 2570 677 2631 laetus
698 2568 831 2652 accepit.
867 2580 937 2631 turn
959 2589 1035 2630 uero
1061 2567 1127 2630 iam
1148 2566 1384 2649 conspiratione
1408 2575 1550 2637 senatus,

397 2678 461 2761 ipso
478 2697 606 2760 quoque
621 2674 686 2736 iam
702 2675 805 2738 Mario
821 2674 965 2748 consule,
983 2672 1059 2755 quia
1074 2671 1157 2734 tueri
1169 2694 1235 2734 non
1250 2681 1386 2754 poterat,
1404 2671 1550 2743 aduers0,

396 2784 533 2847 directae
562 2780 598 2843 in
628 2779 696 2844 foro
726 2778 827 2854 acies3
862 2780 975 2861 pulsus
1003 2777 1078 2840 indc
1100 2777 1299 2861 Capitolium
1321 2776 1452 2839 inuasit.
1497 2774 1553 2838 sed

354 2891 380 2946 11
398 2912 470 2953 cum
486 2886 633 2970 abruptis
647 2885 766 2949 fistulis
790 2884 989 2948 obsideretur
1011 2884 1200 2967 senatuique
1223 2905 1279 2967 per
1300 2884 1422 2966 legatos
1443 2880 1553 2964 paeni·

397 2995 515 3059 tentiae
529 2995 628 3056 fidem
643 2992 780 3066 faceret,
804 2993 844 3053 ab
867 3012 937 3053 arce
960 2992 1127 3072 degressus
1151 3012 1225 3052 cum
1247 2990 1383 3053 ducibus
1405 2987 1553 3052 factionis

397 3112 541 3184 receptus
556 3097 729 3162 incuriam
745 3108 803 3160 est.
829 3096 875 3160 ibi
897 3118 971 3159 eum
994 3096 1079 3158 facta
1099 3095 1284 3179 inruptione
1307 3096 1445 3178 populus
1461 3094 1553 3157 fusti-

397 3209 454 3270 bus
471 3205 622 3288 saxisque
637 3214 784 3287 opertum
799 3202 869 3287 ipsa
884 3224 1011 3285 quoque
1027 3214 1129 3265 rnorte
1144 3201 1308 3266 lacerauit.

716 3445 756 3506 V.
784 3442 896 3505 SEDI'
911 3443 967 3505 ‘10
985 3443 1229 3508 DRVSIANA.

354 3654 382 3709 ²5
401 3652 566 3713 Postremo
582 3645 696 3709 Liuius
709 3649 835 3710 Drusus
847 3669 913 3709 non
926 3646 1109 3709 tribunatus
1121 3648 1216 3708 modo
1228 3645 1365 3718 uiribus,
1383 3645 1439 3706 sed
1454 3642 1555 3725 ipsius
1571 3655 1625 3710 111,
1638 3636 1668 3697 ll

400 3755 494 3818 etiam
506 3764 639 3818 senatus
652 3753 842 3816 auctoritate
855 3752 1018 3834 totiusque
1031 3749 1145 3813 Italiae
1157 3773 1316 3815 consensu
1329 3752 1457 3815 casdem
1471 3750 1557 3833 leges

401 3863 542 3924 adserere
558 3869 711 3934 conatus,
736 3859 814 3921 dum
836 3857 937 3921 alium
959 3869 1067 3939 captat
1083 3880 1122 3920 ex
1146 3857 1228 3933 alio,
1253 3868 1382 3921 tanturn
1405 3856 1559 3921 conflauit

403 4183 415 4230 2
428 4180 496 4233 nihil
510 4178 639 4231 hominus
650 4189 669 4229 Β
682 4177 691 4247 1
704 4176 870 4246 gracchanus
882 4189 901 4229 Β
914 4177 922 4248 11
937 4180 951 4229 3
968 4176 1120 4230 animorum
1137 4194 1179 4229 om
1197 4189 1216 4229 Β
1229 4176 1238 4246 11
1251 4178 1311 4231 uiro
1323 4179 1423 4232 marius
1434 4190 1484 4241 ΒΝ,
1502 4175 1559 4229 uiro

402 4265 484 4318 ‹lebra'
494 4264 503 4335 11
517 4270 532 4317 5
547 4261 630 4317 annio
642 4273 667 4315 N
678 4262 686 4331 11
701 4266 715 4314 6
728 4279 755 4331 g.
769 4272 795 4313 N
804 4261 813 4331 11
827 4260 913 4314 tribus
925 4273 970 4314 ΒΝ
980 4263 989 4333 11
1002 4262 1060 4315 sine
1073 4270 1181 4315 notares
1193 4276 1228 4326 Β,
1248 4282 1290 4316 om
1301 4276 1324 4316 N
1337 4264 1346 4334 11
1361 4268 1373 4314 7
1388 4262 1478 4316 subito
1489 4275 1509 4316 Β
1522 4261 1530 4330 11
1544 4264 1559 4313 9

404 4358 557 4404 ueementer
568 4362 588 4401 Β
608 4348 617 4419 11
638 4350 669 4400 lo
682 4345 865 4400 annuentibus
877 4359 897 4400 Β
916 4346 924 4417 11
943 4347 1152 4401 interdicturum
1174 4366 1203 4402 se
1221 4349 1369 4402 minaretur
1384 4360 1410 4401 N
1427 4350 1435 4415 11
1459 4352 1488 4401 12
1507 4348 1560 4401 iam

404 4452 461 4488 cum
479 4447 505 4488 N
516 4436 524 4505 11
541 4437 573 4488 13
594 4432 735 4486 uaesaniae
754 4443 799 4486 ΒΝ
809 4432 817 4502 11
831 4432 983 4486 consolaria
1001 4433 1016 4485 b
1029 4434 1038 4504 1
1053 4436 1083 4485 1-1
1097 4433 1153 4487 suis
1164 4446 1190 4487 N
1200 4434 1209 4504 11
1225 4438 1256 4487 15
1270 4432 1398 4487 clauciam
1417 4446 1441 4485 N
1452 4434 1460 4502 11
1474 4434 1560 4487 facere

403 4532 419 4570 Β
432 4520 440 4588 11
453 4539 476 4573 c.
491 4518 671 4573 meummium
682 4530 706 4571 N
718 4518 727 4587 11
741 4525 921 4587 competorem
933 4532 952 4571 Β
966 4519 974 4586 11
991 4523 1021 4571 16
1034 4519 1213 4573 atellitibusB
1227 4519 1235 4586 11
1249 4537 1277 4571 se
1295 4538 1336 4570 orn-
1348 4532 1391 4571 ΒΝ
1403 4522 1411 4588 11
1428 4524 1457 4571 la
1472 4520 1561 4573 derec-

403 4612 442 4656 tae
459 4618 478 4658 Β
491 4606 500 4676 11
514 4603 648 4675 expulsus
666 4614 692 4655 N
702 4604 710 4673 11
724 4607 756 4655 20
770 4603 873 4656 abrutis
893 4604 908 4655 b
922 4604 929 4672 1
943 4603 1039 4657 fistolis
1051 4617 1077 4656 N
1087 4605 1095 4674 11
1110 4608 1137 4657 21
1155 4605 1292 4675 digressus
1304 4618 1323 4658 Β
1335 4606 1344 4675 11
1358 4606 1488 4658 sactiones
1505 4605 1549 4677 Ν1

405 4692 433 4742 23
453 4696 617 4762 coopertum
636 4688 663 4739 in
681 4688 740 4759 ipsa
751 4698 776 4739 N
787 4686 795 4756 1
810 4690 841 4738 21
855 4702 1000 4742 navamus
1018 4703 1132 4743 sanrrro
1145 4703 1169 4742 N
1180 4691 1188 4760 11
1203 4694 1233 4742 27
1248 4689 1323 4743 aliud
1336 4698 1414 4760 capta
1426 4703 1450 4743 N
1461 4692 1470 4761 11

437 4786 557 4832 NLona
1350 4791 1364 4838 ss
