3809 5534
369 604 410 666 36
853 621 924 665 1vn1
940 622 1039 666 111111

369 785 401 837 11
416 774 564 837 luctuosa
579 771 697 836 Punici
711 770 790 834 belli
805 771 855 835 uis
870 773 975 855 adque
990 782 1162 855 tempestas
1177 774 1441 856 destinatumque
1457 775 1521 837 Ro·
1543 781 1556 840 l

367 879 472 943 manis
487 879 553 941 iam
567 877 624 941 diu
638 878 763 940 fulmen
780 878 962 961 Sagrmtino
977 878 1053 963 igne
1069 879 1243 955 conflauit,
1260 879 1372 943 statim
1387 881 1525 963 quodam

367 986 493 1070 impetu
505 995 599 1068 rapta
612 983 734 1047 medias
748 984 899 1068 perfregit
914 985 1015 1067 Alpes
1037 996 1070 1048 et
1092 985 1127 1047 in
1150 985 1282 1050 Italiam
1296 987 1337 1049 ab
1352 985 1420 1049 illis
1435 986 1523 1049 fabu-

366 1093 454 1156 losae
469 1090 651 1154 altitudinis
665 1089 797 1153 niuibus
813 1090 905 1154 uelut
920 1089 1010 1154 caelo
1023 1090 1122 1155 missa
1137 1091 1312 1155 descendit.

445 1199 493 1260 Ac
508 1196 604 1280 primi
619 1196 750 1280 quidem
764 1196 904 1280 impetus
918 1197 1014 1261 turbo
1029 1196 1114 1260 inter
1126 1199 1253 1261 Padum
1264 1209 1361 1281 atque
1374 1199 1522 1262 Ticinum
1536 1214 1548 1261 t

365 1302 475 1366 ualido
491 1303 602 1366 statim
615 1303 739 1386 fragore
754 1303 914 1367 detonuit.
940 1314 1011 1366 tum
1026 1302 1178 1386 Scipione
1192 1305 1274 1367 duce
1293 1304 1387 1369 fimus
1404 1305 1518 1368 exerci-

366 1421 438 1485 tus3
463 1408 590 1472 saucius
606 1408 705 1472 etiam
725 1408 794 1491 ipse
814 1409 958 1473 uenisset
978 1408 1014 1470 in
1034 1408 1178 1472 hostium
1198 1431 1314 1485 manus
1336 1410 1517 1495 imperator,

365 1515 429 1579 nisi
442 1524 623 1598 protectum
634 1525 758 1597 patrem
770 1524 990 1598 praetextatus
1002 1515 1176 1578 admodum
1185 1516 1273 1579 filius
1285 1517 1326 1579 ab
1337 1516 1412 1600 ipsa
1422 1527 1517 1581 morte

363 1621 531 1706 rapuisset.
556 1620 610 1683 hic
626 1620 686 1683 erit
702 1619 823 1703 Scipio,
840 1620 897 1704 qui
909 1620 945 1682 in
960 1618 1097 1682 exitium
1111 1620 1239 1684 Africae
1254 1623 1389 1700 crescit,
1406 1645 1518 1687 nomen

363 1750 404 1791 ex
417 1727 512 1791 malis
527 1726 596 1789 eius
611 1725 792 1788 habiturus.
1533 1740 1553 1789 1⁰

449 1832 564 1895 Ticino
587 1830 703 1894 Trebia
726 1830 878 1895 succedit.
904 1830 958 1894 hic
980 1833 1122 1894 secunda
1144 1832 1262 1895 Punici
1282 1834 1364 1896 belli
1385 1835 1518 1919 procella

363 1938 508 2002 desaeuit
524 1936 713 2021 Sempronio
735 1936 877 2000 consule.
905 1947 978 2000 tum
998 1937 1197 2002 callidissimi
1218 1940 1346 2018 hostes,
1369 1941 1518 2025 frigidum

363 2056 395 2107 et
410 2044 553 2107 niualem
568 2043 680 2107 nancti
695 2042 799 2119 diem,
817 2064 892 2105 cum
907 2064 940 2107 se
955 2043 1087 2126 ignibus
1100 2044 1190 2127 prius
1205 2045 1339 2129 oleoque
1352 2047 1517 2123 fouissent,

364 2149 564 2213 —horribile
580 2149 670 2213 dictu
687 2186 725 2197 -
741 2148 888 2213 homines
904 2171 924 2212 a
938 2148 1072 2213 meridie
1087 2159 1119 2212 et
1134 2149 1201 2214 sole
1216 2151 1401 2230 uenientes,
1417 2164 1518 2216 nostra

362 2280 421 2321 nos
436 2256 542 2320 hieme
557 2255 717 2320 uicerunt.
1532 2268 1552 2317 ¹⁵

447 2361 655 2425 Trasimenus
676 2361 765 2425 lacus
775 2409 785 2439 ,
813 2360 946 2424 tertium
967 2361 1092 2424 fulmen
1113 2362 1305 2440 Annibalis,
1333 2363 1518 2447 imperatore

362 2466 524 2532 Flaminio
544 2487 618 2549 pars
633 2488 721 2529 noua
737 2466 882 2529 Punicae
897 2466 1030 2531 fraudis.
1056 2467 1176 2550 quippe
1189 2468 1310 2531 nebula
1324 2469 1417 2533 lacus
1436 2471 1518 2555 palu·

363 2574 546 2656 stribusque
568 2571 719 2655 uirgultis
742 2582 847 2635 tectus
877 2572 1040 2655 equitatus
1062 2583 1152 2656 terga
1173 2574 1281 2638 subito
1303 2577 1518 2659 pugnantium

362 2680 495 2744 inuasit.
520 2700 580 2741 nec
595 2679 635 2741 de
650 2678 699 2741 dis
714 2699 884 2760 possumus
900 2677 1002 2761 queri.
1027 2677 1242 2743 inminentem
1265 2682 1437 2745 temerario
1452 2680 1517 2746 duci

364 2788 487 2850 cladem
501 2783 726 2868 praedixerant
740 2783 916 2847 insidentia
930 2782 1031 2867 signis
1044 2785 1194 2847 examina
1208 2797 1241 2848 et
1255 2786 1386 2869 aquilae
1400 2788 1516 2872 prodire
1529 2796 1551 2847 N

363 2891 510 2956 nolentes
525 2900 558 2952 et
573 2888 777 2951 commissam
791 2889 894 2952 aciem
909 2902 1039 2954 secutus
1054 2890 1169 2974 ingens
1184 2901 1285 2954 terrae
1301 2904 1422 2957 tremor
1429 2920 1439 2971 ;
1463 2892 1516 2956 nisi

319 3017 321 3021 ’
364 2998 459 3061 illum
473 2997 637 3059 horrorem
653 2993 712 3056 soli
728 2994 875 3076 equitum
897 2995 1104 3079 uirorumque
1126 2997 1287 3061 discursus
1310 3008 1343 3061 et
1366 3011 1455 3065 mota
1470 3020 1514 3063 ue

365 3101 549 3166 hementius
566 3121 654 3162 arma
668 3099 825 3163 fecerunt.

452 3208 613 3275 Quartum
627 3205 661 3268 id
676 3216 725 3269 est
738 3228 822 3289 pane
834 3207 989 3271 ultimum
1000 3208 1118 3271 uolnus
1130 3208 1258 3291 imperii
1270 3212 1417 3287 Cannae,
1434 3211 1514 3295 igno

364 3312 439 3376 bilis
465 3311 604 3395 Apuliae
630 3311 740 3387 uieus;
773 3314 829 3375 sed
850 3313 1078 3396 magnitudine
1101 3314 1200 3379 cladis
1222 3317 1352 3380 emersit
1380 3328 1413 3380 et
1436 3320 1549 3380 sera-²⁵

364 3418 457 3503 ginta
481 3416 610 3481 milium
636 3419 731 3480 caede
753 3428 845 3500 parta
869 3418 1033 3482 nobilitas.
1065 3419 1111 3482 ibi
1136 3420 1172 3483 in
1198 3422 1363 3485 excidium
1388 3420 1515 3485 infelicis

366 3524 524 3587 exercitus
540 3525 608 3586 dux
622 3535 706 3586 terra
720 3523 847 3603 caelum
863 3523 942 3601 dies,
961 3535 1030 3588 tota
1043 3547 1150 3588 rerum
1165 3537 1282 3590 natura
1297 3528 1472 3592 consensit.
1493 3525 1513 3590 si

366 3630 497 3713 quidem
516 3652 583 3693 non
604 3640 775 3693 contentus
797 3628 957 3693 simulatis
984 3631 1159 3714 transfirgis
1180 3633 1344 3709 Annibal,
1375 3634 1432 3718 qui
1451 3652 1515 3697 mox

368 3747 457 3818 terga
471 3736 689 3818 pugnantium
704 3735 907 3810 ceciderunt,
932 3734 1065 3818 insuper
1080 3736 1216 3800 callidus
1230 3738 1409 3829 imperator
1421 3740 1457 3803 in
1469 3759 1513 3822 pa·

368 3841 511 3903 tentibus
526 3841 659 3923 campis,
677 3842 846 3904 obseruato
860 3840 924 3903 loci
935 3840 1079 3924 ingenio,
1093 3844 1178 3923 quod
1190 3854 1222 3905 et
1234 3844 1283 3907 sol
1294 3844 1342 3907 ibi
1354 3844 1546 3909 acerrimnsll

368 3957 400 4008 et
414 3945 573 4028 plurimus
587 3944 696 4027 puluis
708 3955 740 4008 et
751 3968 846 4011 eurus
858 3947 898 4009 ab
910 3946 1032 4011 oriente
1044 3968 1169 4031 semper
1179 3948 1271 4031 quasi
1283 3971 1324 4012 ex
1335 3951 1511 4022 constituto,

367 4187 382 4238 2
396 4181 493 4253 saguin
505 4180 568 4251 igne
579 4192 604 4232 N
615 4179 624 4249 11
645 4182 661 4231 4
679 4176 834 4237 ultitudinis
850 4196 870 4237 Β
883 4185 891 4254 11
913 4188 929 4244 6
947 4189 1012 4237 1111
1032 4184 1087 4238 11'N
1098 4184 1106 4254 11
1120 4185 1239 4255 spicione
1255 4198 1275 4239 Β
1288 4186 1298 4253 1
1312 4190 1326 4237 7
1340 4185 1446 4239 sautius
1455 4195 1474 4237 Β
1484 4180 1512 4252 13

367 4268 437 4323 filios
451 4267 466 4319 b
479 4267 488 4337 11
505 4269 531 4318 ll
547 4265 636 4319 111111
646 4276 668 4329 Ι,
683 4266 769 4334 trepia
779 4280 805 4321 N
815 4269 824 4340 11
840 4272 870 4321 11
882 4275 947 4322 1111
959 4268 1015 4322 IPN
1025 4268 1034 4338 11
1050 4272 1081 4323 16
1093 4271 1281 4342 thrasymenus
1292 4282 1322 4335 Β,
1336 4270 1512 4341 thmymenur

367 4354 403 4419 11,
417 4350 629 4415 tarsinemus1P‚
645 4349 852 4419 thrasymennus
863 4365 888 4405 N
903 4354 912 4423 1
934 4357 964 4405 17
983 4353 1149 4408 flamminino
1166 4367 1202 4420 Β,
1226 4354 1378 4407 flamminio
1395 4346 1512 4424 1111111ιί·

368 4440 433 4493 nion
445 4439 485 4492 ibi
497 4454 605 4509 quoque
618 4452 661 4488 ars
673 4446 696 4487 N
708 4435 717 4505 11
732 4438 762 4488 17
775 4454 837 4506 pars
849 4437 960 4508 cerebri.-
980 4457 1023 4492 ars
1041 4452 1099 4493 131N
1109 4440 1118 4509 l
1134 4442 1164 4492 18
1183 4439 1307 4509 equitum
1323 4452 1350 4492 N
1360 4440 1370 4510 1
1383 4442 1417 4491 20
1429 4434 1511 4492 eladio

368 4524 538 4592 praedixerat
550 4523 565 4575 b
578 4524 587 4593 11
607 4524 638 4576 21
654 4525 818 4590 sequuturos
830 4534 848 4573 Β
861 4523 870 4592 11
883 4522 979 4592 ingens
991 4541 1033 4575 om
1046 4525 1080 4593 [1
1093 4527 1125 4577 tt
1138 4524 1238 4577 uulnus
1256 4536 1275 4577 Β
1288 4525 1298 4593 1
1311 4540 1423 4578 camnae
1432 4535 1453 4576 Β
1464 4521 1472 4590 1
1488 4518 1511 4568 ²⁵

370 4608 458 4660 clades
472 4608 487 4660 b
500 4607 509 4677 11
523 4607 703 4678 quadraginta
713 4618 737 4659 N
749 4606 757 4676 11
771 4610 803 4660 26
816 4607 887 4661 lacta
899 4619 924 4659 N
935 4608 943 4677 1
957 4608 1070 4661 exitium
1081 4620 1107 4661 N
1117 4610 1126 4679 11
1140 4613 1172 4662 29
1186 4608 1340 4663 ceciderant
1356 4621 1377 4662 Β
1390 4608 1399 4679 1
1412 4602 1510 4661 callidis

369 4692 507 4760 11111111
520 4692 548 4743 11
560 4712 601 4746 om
615 4694 630 4745 b
644 4691 653 4761 11
668 4694 696 4743 31
713 4692 747 4744 ad
760 4691 937 4745 constitutum
949 4705 987 4746 1N
998 4694 1006 4763 11
