3809 5534
513 626 661 671 02220222
680 629 718 683 n,
741 620 847 670 20-22
866 608 934 694 1222,
953 620 996 671 22.
1016 619 1060 670 22.
1087 628 1156 685 un,
1176 608 1216 695 t].
1413 613 1454 673 213

587 796 670 858 XII.
696 796 880 859 BELLVM
897 797 1157 859 CATILINAE.

318 982 471 1045 Catilinam
486 982 617 1045 luxuria
632 981 791 1065 primum,
818 994 888 1046 tum
909 982 985 1045 hinc
1008 983 1147 1046 conflata
1162 996 1286 1067 egestas
1302 986 1347 1047 rei
1363 987 1453 1050 sami·
1468 998 1537 1053 1111,
1558 979 1566 1036 l

318 1088 400 1165 liaris,
425 1088 524 1152 simul
539 1087 680 1163 occasio,
703 1091 789 1171 quod
804 1088 839 1151 122
854 1089 1006 1152 extremis
1022 1088 1142 1154 finibus
1157 1090 1272 1154 mundi
1286 1113 1374 1154 arma
1389 1094 1454 1156 Ro·

318 1217 390 1257 uana
404 1194 714 1279 peregrinabantur,
738 1194 774 1257 in
794 1194 916 1257 nefaria
936 1194 1071 1257 consilia
1093 1196 1319 1278 opprimendae
1334 1199 1455 1281 patriae

300 1312 373 1364 22200
386 1301 572 1384 conpulere.
598 1312 746 1365 senatum
761 1300 946 1376 confodere,
965 1301 1113 1366 consules
1129 1303 1307 1379 trucidare,
1324 1305 1454 1368 distrin-

317 1430 371 1489 gere
391 1406 551 1471 incendiis
573 1409 702 1483 urbem,
732 1407 869 1491 diripere
893 1406 1202 1483 aerariumstotam
1228 1411 1366 1493 denique
1387 1434 1454 1474 rem

248 1559 251 1564 -
316 1514 461 1595 publicam
487 1513 635 1577 funditus
658 1513 769 1577 tollere
792 1525 824 1577 et
851 1513 1009 1597 quidquid
1035 1536 1094 1577 nec
1120 1514 1264 1579 Annibal
1290 1517 1454 1581 uideretur

248 1631 250 1638 '
314 1631 440 1703 aptasse,
470 1620 652 1703 quibus-
674 1642 694 1682 o
709 1620 817 1684 nefas!
838 1656 876 1670 -·
894 1619 988 1684 sociis
1004 1622 1172 1703 adgressus
1188 1622 1254 1684 estl
1273 1621 1341 1705 ipse
1356 1622 1454 1705 patri·

248 1771 251 1776 -
313 1725 380 1802 aius3
406 1728 463 1789 sed
479 1726 540 1788 hoc
556 1726 663 1789 minus
679 1737 744 1789 est:
771 1726 862 1790 Curii
885 1726 991 1790 Porcii
1015 1726 1124 1789 Sullae
1145 1727 1282 1811 Cethegi
1302 1727 1454 1791 Autronii

281 1837 300 1888 11
312 1831 477 1916 Varguntei
492 1843 588 1914 atque
606 1832 757 1916 Longini,
774 1855 856 1916 quae
871 1832 1029 1896 familiae!
1049 1855 1131 1914 quae
1147 1845 1277 1898 senatus
1293 1833 1451 1916 insignia!
1513 1858 1515 1864 ·

310 1939 458 2002 Lentulus
475 1959 601 2021 quoque
618 1950 687 2001 tum
702 1960 777 2001 cum
792 1939 931 2002 maxime
944 1951 1080 2023 praetor.
1105 1940 1164 2003 hos
1180 1941 1284 2004 omnis
1299 1940 1454 2004 inmanis·

307 2044 366 2108 simi
379 2043 533 2108 facinoris
550 2044 703 2107 satellites
719 2044 844 2107 habuit.
871 2045 1019 2108 additum
1030 2057 1078 2108 est
1090 2046 1207 2129 pignus
1224 2047 1454 2111 coniurationis

305 2151 427 2236 sanguis
443 2150 626 2227 humanus,
644 2172 741 2232 quem
756 2150 982 2214 circumlatum
996 2152 1115 2235 pateris
1137 2152 1262 2215 bibere:
1291 2176 1454 2217 summum

304 2259 402 2335 nefas,
426 2256 463 2319 ni
478 2256 617 2341 amplius
633 2268 734 2333 esset,
756 2258 986 2342 propterquod
1005 2255 1168 2321 biberunt.
1194 2270 1303 2322 actum
1326 2272 1393 2322 erat
1414 2261 1453 2321 de

269 2367 288 2419 11
301 2363 513 2449 pulcherrimo
528 2362 681 2446 imperio,
704 2362 768 2426 nisi
783 2363 840 2425 illa
855 2362 1034 2426 coniuratio
1049 2364 1084 2426 in
1100 2364 1288 2428 Ciceronem
1304 2378 1336 2429 et
1350 2371 1453 2429 Anto-

300 2471 385 2534 nium
401 2469 552 2533 consules
567 2468 753 2545 incidisset,
778 2491 914 2552 quorum
934 2470 1015 2532 alter
1030 2470 1190 2535 industria
1204 2494 1271 2534 rem
1286 2472 1450 2555 patefecit,

299 2577 372 2640 alter
388 2598 492 2640 manu
508 2575 674 2659 oppressit.
702 2575 786 2637 tanti
801 2575 927 2639 sceleris
943 2576 1101 2638 indicium
1114 2599 1171 2660 per
1187 2578 1338 2640 Fuluiam
1353 2600 1452 2640 emer-

298 2684 353 2761 sit,
371 2682 571 2746 uilissimum
587 2692 738 2758 scortum,
756 2682 811 2744 sed
826 2682 969 2764 patriciis
980 2682 1197 2745 innocentius.
1217 2684 1329 2746 consul
1337 2663 1453 2747 ¹habito

298 2802 412 2853 senatu
426 2788 463 2851 in
478 2798 678 2871 praesentem
685 2810 777 2851 reum
783 2788 946 2871 perorauit
954 2813 962 2863 ;
979 2789 1107 2851 sednon
1115 2788 1254 2871 amplius
1262 2791 1452 2874 profectum,

253 2896 280 2955 22
297 2919 394 2981 quam
410 2905 449 2959 ut
460 2894 563 2958 hostis
578 2895 728 2957 euaderet
741 2916 838 2977 seque
854 2904 925 2956 tum
940 2894 1047 2978 palam
1059 2915 1096 2955 00
1113 2895 1252 2977 professe
1266 2897 1456 2961 incendium

298 3024 393 3068 suum
409 3001 640 3065 restincturum
655 3000 749 3062 ruina
764 2998 951 3063 minaretur.
978 3012 1012 3063 et
1030 2999 1086 3063 ille
1109 3001 1240 3084 quidem
1262 3003 1302 3063 ad
1322 3023 1454 3085 praepa-

297 3121 403 3173 ratum
419 3130 440 3171 a
455 3106 580 3171 Manlio
595 3106 630 3169 in
645 3105 775 3170 Etruria
789 3106 967 3169 exercitum
986 3104 1199 3188 proficiscitur
1221 3107 1314 3190 signa
1334 3106 1454 3176 inlatu-

297 3240 349 3281 rus
364 3213 451 3277 urbi.
478 3212 637 3277 Lentulus
654 3212 851 3276 destinatum
870 3210 1012 3274 familiae
1031 3233 1107 3274 suae
1124 3212 1292 3296 Sibyllinis
1308 3213 1455 3277 uersibus

297 3343 435 3406 regnum
461 3318 523 3383 sibi
544 3318 727 3382 uaticinans
751 3321 791 3381 ad
813 3318 1041 3401 praestitutum
1064 3340 1083 3380 a
1104 3318 1247 3382 Catilina
1269 3321 1354 3383 diem
1377 3320 1455 3382 urbe

248 3431 281 3489 25
299 3440 364 3493 tota
378 3427 467 3490 uiros
483 3426 568 3489 faces
590 3425 655 3489 tela
676 3423 828 3507 disponit.
854 3446 913 3487 nec
928 3423 1019 3486 ciuili
1034 3425 1269 3509 conspiratione
1285 3436 1456 3489 contentus

298 3536 420 3619 legatos
435 3532 667 3615 Allobrogum,
691 3530 746 3613 qui
764 3541 834 3592 tum
848 3530 929 3593 forte
946 3532 1097 3606 aderant,
1121 3530 1156 3592 122
1179 3552 1267 3593 arma
1289 3528 1451 3593 2011101202.

299 3643 374 3706 12202
389 3640 476 3705 ultra
491 3639 590 3721 Alpes
605 3637 709 3712 furor,
735 3636 799 3699 nisi
822 3636 921 3698 altera
935 3635 1116 3719 proditione
1133 3634 1280 3699 Volturci
1302 3634 1457 3718 praetoris

299 3749 408 3812 literae
425 3755 622 3809 tenerentur.
649 3743 759 3806 statim
774 3741 938 3806 Ciceronis
960 3740 1094 3824 imperio
1117 3740 1237 3804 iniecta
1252 3753 1300 3804 cst
1314 3740 1456 3803 barbaris

300 3875 432 3933 manus3
469 3850 577 3934 palam
605 3861 733 3933 praetor
765 3848 799 3910 in
834 3858 949 3911 senatu
982 3846 1197 3910 conuincitur.
1233 3850 1272 3912 de
1299 3847 1457 3931 supplicio

304 4113 313 4161 1
328 4120 492 4164 mmmmm
505 4119 532 4170 0,
547 4117 722 4160 0222222222
734 4116 758 4157 N
770 4106 777 4174 11
791 4108 806 4157 2
820 4104 967 4157 catillinam
986 4103 1030 4169 221
1044 4120 1104 4157 cum
1124 4106 1164 4175 211
1178 4106 1296 4160 conflant
1314 4118 1332 4158 2
1346 4106 1354 4173 11
1368 4109 1381 4156 3
1396 4104 1459 4155 hoc·
1494 4160 1497 4165 ,

302 4196 372 4249 casio
385 4207 404 4247 Β
417 4192 426 4262 11
441 4197 455 4245 5
470 4190 609 4245 contulere
621 4203 639 4242 0
653 4191 661 4261 11
675 4190 842 4259 destringere
854 4202 873 4242 Β
886 4190 894 4259 11
909 4194 922 4241 7
937 4207 971 4242 220
983 4202 1002 4242 Β
1015 4190 1053 4256 18
1072 4190 1178 4245 01220200
1196 4205 1221 4245 N
1232 4193 1270 4263 1121
1289 4191 1372 4260 syllae
1384 4199 1428 4241 BN
1439 4190 1447 4256 11

303 4285 331 4334 10
345 4278 489 4335 uarcuntei
502 4290 520 4330 s
534 4276 542 4347 11
559 4280 586 4328 11
602 4283 667 4329 tunc
678 4289 701 4329 N
714 4277 722 4347 11
736 4283 870 4347 praetera
883 4274 892 4344 11
908 4277 937 4326 13
951 4275 1100 4328 humanum
1111 4276 1458 4347 0112020212211142200,

302 4367 353 4421 nisi
364 4379 389 4421 N
401 4366 409 4436 11
427 4368 458 4418 18
471 4363 602 4417 innocens
615 4370 672 4415 tum
686 4361 781 4415 consul
792 4373 816 4413 N
827 4362 836 4431 11
854 4364 884 4413 19
897 4361 1003 4413 senatui
1020 4374 1039 4414 12
1052 4362 1060 4429 11
1074 4361 1102 4413 in
1120 4372 1288 4431 praesentem
1300 4360 1460 4430 parricidam

302 4454 329 4507 in
341 4458 518 4524 praesentum
530 4465 606 4500 reum
619 4447 705 4500 cicero
717 4447 854 4518 pererrauit
866 4458 890 4498 N
902 4447 911 4515 11
924 4449 957 4497 20
970 4463 1052 4515 seque
1065 4464 1126 4499 cum
1138 4447 1227 4516 palam
1238 4447 1287 4499 hac
1300 4446 1419 4515 professe
1430 4457 1458 4507 B,

302 4625 422 4680 0021111220
433 4634 460 4676 N
471 4621 479 4691 11
494 4623 527 4672 25
541 4619 600 4672 uiro
613 4620 637 4683 b,
653 4618 756 4671 212022
770 4619 778 4688 11
791 4617 876 4669 fasces
888 4629 907 4668 Β
920 4616 929 4686 11
943 4619 975 4668 211
989 4616 1092 4685 legatos
1103 4617 1248 4669 Halmius:
1265 4614 1362 4684 legatis
1374 4629 1405 4680 N,
1420 4636 1462 4669 om

302 4723 319 4762 Β
332 4711 341 4782 11
355 4708 498 4763 2011101202.
513 4706 579 4758 12202
591 4703 736 4757 Halmius:
756 4701 908 4756 sollicitatis
918 4702 966 4755 sed
978 4715 1005 4764 0,
1026 4701 1177 4755 sollicitatis
1190 4702 1255 4754 isset
1267 4712 1291 4753 N
1302 4702 1310 4770 11
