3809 5534
846 620 1042 665 ruarmo.

585 778 614 833 Χ
646 818 654 834 .
991 777 1020 830 Β
1338 770 1376 828 Ν

696 867 813 912 obnoxium

363 950 385 1012 p
405 933 476 1003 106,
493 937 508 989 7
523 937 670 989 tenerum
681 935 810 1007 etopor·
822 984 829 997 ,
841 933 990 985 tenerum
1014 932 1047 984 et
1072 922 1169 983 obno-
1207 930 1355 982 tenerum
1374 929 1407 981 et
1429 920 1528 982 obno-

534 1040 651 1092 tunum
666 1026 802 1089 iniuriae
872 1027 963 1088 nium
986 1036 1018 1087 et
1041 1036 1168 1106 opertu·
1238 1022 1331 1086 xirun
1345 1034 1378 1085 et
1397 1034 1528 1107 oportu-

530 1180 685 1224 omhmffim
861 1121 951 1193 'num
968 1129 1104 1193 iniuriae
1237 1149 1318 1192 num
1331 1127 1471 1193 iniuriae

404 1245 474 1312 121,
491 1244 527 1301 21
543 1247 637 1316 taxeo
658 1235 808 1319 exprimi·
840 1257 881 1297 ex
895 1233 1059 1300 arboribus
1075 1245 1169 1297 taxeo
1206 1256 1247 1296 ex
1258 1232 1422 1296 arboribus
1440 1244 1527 1296 taxe·

402 1338 405 1343 ’
530 1351 582 1403 tur
872 1339 1063 1423 exprimitur
1236 1338 1265 1401 is
1280 1337 1481 1419 exprimitur.

363 1527 427 1589 huc
442 1524 581 1608 pertinet
595 1526 682 1608 quod
696 1546 770 1586 cum
784 1547 806 1606 p
826 1531 896 1600 106,
915 1531 954 1587 25
972 1524 1051 1587 olim
1065 1524 1220 1587 traditum
1239 1520 1337 1583 fuerit
1358 1541 1453 1583 arma
1468 1518 1526 1582 cie-

362 1638 417 1694 rat
438 1630 535 1713 idque
558 1630 754 1712 explicatum
769 1628 803 1689 t'u
818 1650 911 1700 armo
926 1637 1143 1705 reuocauerat,
1161 1636 1191 1690 B
1201 1625 1333 1709 quidem
1347 1634 1453 1687 totum
1467 1625 1527 1687 hoc

295 1786 297 1791 .
364 1736 522 1818 glossema
546 1732 684 1814 recepit,
712 1737 750 1795 N
761 1741 868 1794 autem
893 1755 988 1796 uerae
1014 1733 1160 1797 lectionis
1183 1742 1216 1795 et
1235 1730 1333 1793 simul
1354 1729 1524 1811 interpola-

363 1839 460 1901 tionis
489 1837 628 1920 uestigia
653 1836 796 1899 seruauit
821 1837 988 1900 scribendo
1018 1837 1053 1901 e'u
1081 1858 1174 1901 orma
1197 1835 1289 1898 ierat.
1326 1856 1393 1896 uno
1420 1844 1526 1896 autem

364 1943 437 2005 loco
450 1942 485 2003 in
501 1941 633 2023 antiquo
648 1940 705 2003 illo
720 1940 827 2004 codice
842 1953 990 2023 corrupta
1004 1942 1099 2005 lectio
1107 1940 1203 2003 etiam
1219 1940 1411 2022 glossemate
1426 1938 1525 2021 expli-

364 2057 436 2110 cata
450 2046 549 2109 fuisse
561 2046 700 2108 uidetur.
733 2067 809 2107 nam
830 2047 916 2130 quod
934 2068 957 2130 p
974 2054 1027 2122 84,
1048 2054 1086 2109 13
1106 2046 1142 2107 iu
1163 2049 1201 2107 N
1211 2044 1331 2127 legitur
1344 2052 1522 2128 utcumque,

364 2150 399 2213 id
414 2171 544 2214 sensum
565 2150 695 2212 nullum
715 2150 831 2214 habere
857 2151 914 2213 diu
939 2161 1143 2234 perspectum
1158 2158 1228 2222 est,
1257 2149 1343 2232 quod
1369 2157 1479 2211 autem
1498 2156 1526 2209 B

364 2257 494 2339 praebet
509 2256 547 2318 id
558 2256 838 2338 qualitercumque,
862 2256 923 2318 hoo
944 2256 1028 2317 nihil
1048 2254 1111 2316 nisi
1124 2252 1422 2335 interpretationem
1437 2251 1526 2314 uerbi

364 2368 531 2442 utcumque
552 2381 620 2422 esse
641 2360 696 2421 uel
722 2359 868 2421 additum
890 2360 927 2422 id
950 2358 1084 2444 [idest]
1107 2360 1314 2420 demonstrat.
1348 2357 1525 2440 antiquitus

364 2464 463 2547 igitur
477 2485 534 2545 pro
550 2484 587 2525 eo
615 2464 700 2545 quod
714 2484 828 2526 uerum
843 2485 911 2527 esse
939 2475 1019 2546 puto
1043 2454 1225 2544 ‘hucusque'
1246 2483 1351 2523 errore
1374 2462 1526 2545 scriptum

363 2577 530 2651 utcumque
544 2568 641 2650 idque
656 2576 767 2650 postea
781 2568 978 2651 explicatum
992 2580 1051 2631 est.

425 2693 508 2769 Aliis
523 2692 601 2755 locis
616 2691 652 2755 in
666 2698 697 2755 X
711 2715 778 2756 non
793 2694 1021 2777 explicationes
1039 2692 1214 2776 adscriptae
1226 2702 1329 2768 erant,
1348 2678 1404 2757 sed
1418 2693 1524 2755 uariae

363 2797 534 2872 lectiones,
557 2796 604 2858 ita
625 2806 662 2859 ut
677 2798 730 2859 uel
746 2819 830 2859 error
843 2798 965 2862 librarii
977 2799 1185 2882 corrigeretur
1206 2798 1261 2861 uel
1283 2797 1411 2862 diuersa
1432 2798 1524 2862 lectio

363 2902 587 2983 undecumque
607 2910 685 2963 nata
705 2903 928 2978 adnotaretur3
952 2905 1039 2967 unde
1059 2902 1146 2965 idem
1168 2904 1254 2985 quod
1275 2902 1310 2963 in
1325 2903 1524 2985 glossematis

367 3002 767 3070 factumesseuidimushic
776 3007 896 3083 euenit,
912 3018 950 3070 ut
964 3019 1099 3095 utraque
1113 3007 1208 3071 lectio
1222 3006 1332 3070 inBN
1343 3007 1523 3070 transferre-

365 3117 428 3170 tur.
447 3111 534 3194 quod
549 3131 612 3196 quo
627 3110 742 3176 clarius
756 3111 967 3196 perspiciatur
980 3114 1120 3196 primum
1131 3134 1169 3175 ea
1181 3112 1331 3195 exempla
1345 3098 1525 3199 conponam

364 3210 480 3294 quibus
494 3220 532 3277 N
543 3224 721 3301 utramque,
739 3224 768 3282 B
782 3218 916 3284 alteram
926 3229 1033 3285 utram
1046 3228 1174 3281 tantum
1185 3216 1357 3280 lectionem
1371 3215 1520 3286 seruauit.
1549 3239 1555 3252 ·

586 3406 615 3460 B
990 3409 1021 3466 X
1344 3404 1383 3463 N

362 3577 383 3638 p
399 3560 448 3631 16,
464 3559 502 3617 25
515 3555 651 3619 inlatam
837 3520 981 3654 iulaturiin
1205 3561 1400 3626 inlatumam

399 3701 452 3770 20,
467 3701 506 3756 20
520 3695 616 3759 armis
632 3705 665 3757 et
838 3651 993 3761 armdtdm
1206 3707 1361 3759 armatam
1376 3696 1466 3760 misit

399 3835 453 3904 14,
468 3834 504 3897 21
520 3842 669 3898 senatum
693 3855 807 3920 regum
836 3845 985 3904 senatum
1013 3779 1126 3919 regilli
1205 3845 1355 3899 senatum
1388 3854 1522 3918 reglum
1551 3848 1554 3856 ’

527 3956 596 4028 esse
869 3962 938 4006 esse
1236 3942 1333 4003 deum
1350 3961 1420 4006 ⁶⁸⁸⁰-

401 4074 452 4143 30,
470 4068 680 4138 lainsessum
695 4074 733 4135 ab
749 4074 806 4138 ho·
835 4022 995 4140 iii'ssdiium
1009 4078 1049 4139 ab
1066 4076 1166 4141 hosti·
1203 4076 1359 4138 infestum
1374 4088 1408 4140 ot
1423 4076 1519 4139 inces-

528 4174 630 4243 stibus
869 4183 930 4246 bus
1064 4242 1067 4247 ,
1235 4202 1309 4247 sum
1323 4183 1367 4246 ab
1376 4182 1519 4245 hostibus

1041 4264 1167 4307 trucuten-

399 4318 450 4388 32,
468 4318 504 4375 18
517 4315 653 4395 praedae
681 4350 714 4361 —-
735 4316 806 4379 flui-
834 4320 970 4401 praedae
994 4356 1037 4365 —
1059 4319 1165 4382 fluita·
1202 4319 1394 4401 praedae-
1408 4321 1518 4382 frusta·

525 4425 631 4480 tarent
867 4407 938 4519 ἔξω
1233 4434 1345 4488 rentur
1365 4433 1398 4485 et
1418 4421 1518 4485 fluita-

537 4625 543 4637 .
609 4617 619 4624 ,,
835 4573 930 4641 sipplum
1233 4538 1306 4591 rent

400 4626 451 4695 44,
467 4628 505 4683 25
519 4629 660 4712 s1pylum
836 4628 954 4710 sprlum
1203 4630 1343 4714 sipylum
1358 4641 1390 4695 et
1405 4631 1517 4715 spilum
