3809 5534
780 581 987 626 rnsnssrro.
1384 571 1470 630 XLV

299 735 334 797 de
347 733 413 796 hac
429 754 466 796 re
482 731 692 796 statuendum
707 742 775 807 est,
799 731 919 795 scimus
940 731 1006 795 iam
1029 733 1068 796 Ρ.
1085 730 1233 795 Annium
1247 731 1379 798 Florum
1393 757 1467 819 poe-

298 850 361 903 tam
374 837 493 902 Africa
508 831 683 901 oriunduln‘
697 835 783 901 ludis
799 836 992 921 Capitolinis
1016 859 1036 901 a
1056 836 1245 902 Domitiano
1266 861 1384 905 corona
1402 841 1467 925 pri-

297 955 410 1009 uatum
424 943 527 1007 fuisse
534 990 546 1022 ,
558 939 597 1006 ‘id
613 941 699 1025 duod
712 940 800 1007 intra
814 963 937 1007 annum
950 966 973 1026 p
988 942 1056 1007 Chr
1072 948 1130 1021 86,
1148 965 1211 1027 quo
1226 944 1321 1010 ludos
1336 946 1467 1031 Capito·

296 1049 375 1114 linos
399 1045 612 1114 Domitianus
633 1047 776 1113 instituit
797 1059 829 1112 et
850 1068 974 1112 annum
989 1053 1043 1127 96,
1061 1071 1124 1134 quo
1138 1049 1226 1113 idem
1244 1062 1389 1117 mortuus
1404 1061 1465 1131 est,

295 1155 419 1220 sactum
434 1154 478 1219 sit
498 1153 727 1219 necesse'est.'
751 1151 1015 1238 indignabundus
1036 1163 1132 1238 poeta
1152 1155 1260 1221 Roma
1280 1155 1392 1221 relicta
1411 1179 1467 1241 per

294 1260 399 1325 uarias
415 1270 518 1324 terras
541 1259 678 1344 uagatus
700 1258 838 1344 denique
857 1259 893 1322 in
914 1261 994 1324 urbe
1015 1259 1196 1345 Hispaniae
1218 1259 1327 1348 sedem
1347 1261 1421 1327 fixit
1435 1274 1467 1327 et

294 1366 410 1430 ludum
425 1364 621 1430 litterarium·
634 1364 770 1449 aperuit.
795 1365 880 1429 hanc
893 1363 1007 1429 urbem
1022 1365 1235 1430 Tarraconem
1249 1366 1366 1445 fuisse,
1384 1390 1466 1452 quae

294 1471 421 1537 colonia
446 1470 534 1536 Iulia
554 1469 691 1537 Victrix·
707 1471 875 1535 nominata
896 1482 944 1535 est
970 1482 1003 1535 et
1028 1470 1164 1555 legionis
1190 1482 1299 1536 sextae
1324 1471 1466 1538 uictricis

295 1577 391 1641 statio
407 1577 490 1654 luit,
513 1575 722 1663 probabiliter
744 1599 763 1641 a
783 1575 963 1641 Ritschelio
978 1579 1233 1643 demonstratum
1248 1588 1308 1642 est.
1330 1578 1378 1642 ibi
1392 1579 1465 1643 Flo-

295 1705 366 1748 rum
381 1683 483 1747 etiam
498 1683 559 1747 sub
582 1680 721 1747 Traiano
742 1693 975 1747 commoratum
998 1705 1066 1747 esse
1088 1683 1202 1747 Dacici
1217 1681 1392 1769 triumphi,
1406 1671 1466 1770 ¹qui

295 1810 418 1873 annop
440 1787 511 1853 chr
533 1795 589 1854 101
614 1798 706 1852 actus
733 1800 794 1864 est,
818 1789 1080 1854 commemoratio
1100 1789 1204 1853 docet.
1241 1788 1330 1854 hunc
1352 1789 1464 1855 trium·

294 1896 398 1979 phum
412 1895 529 1959 Florus
551 1894 690 1957 carmine
712 1893 903 1971 celebrauit,
927 1893 955 1957 si
975 1893 1110 1978 quidem'
1127 1895 1323 1962 clarissimus
1344 1895 1400 1962 ille
1425 1899 1465 1962 de

294 2001 398 2066 Dacia
414 2000 617 2083 triumphus,
644 2000 706 2084 qui
729 2000 765 2064 in
787 1998 877 2064 omni
898 2000 968 2065 foro
989 2001 1133 2081 exultat,
1156 2002 1203 2066 ita
1217 1995 1465 2068 Flori'uersibus

294 2129 373 2191 quos
396 2106 576 2170 concinunt
597 2107 730 2171 lectores
758 2106 924 2191 iungitur,
952 2117 990 2170 ut
1018 2105 1082 2170 nisi
1109 2108 1149 2171 de
1182 2107 1322 2172 carmine
1357 2109 1399 2173 ab'
1426 2131 1464 2173 eo

293 2212 461 2298 conposito
490 2211 637 2296 intellegi
657 2222 808 2296 nequeat.
847 2213 912 2275 iam
940 2234 1017 2276 uero
1045 2212 1220 2277 rectissime
1241 2215 1369 2279 monuit
1390 2215 1464 2279 Rit-

293 2319 434 2384 schelius
471 2318 597 2382 nullam
629 2337 759 2381 causam
796 2339 865 2383 esse
891 2340 948 2382 cur
977 2318 1066 2381 bunc
1092 2320 1133 2383 P.
1159 2318 1306 2385 Annium
1331 2319 1464 2385 Florum

294 2436 424 2508 poetam
438 2445 505 2487 non
521 2425 660 2487 eundem
674 2444 743 2487 esse
758 2443 945 2488 censeamus
958 2447 1033 2488 cum
1052 2424 1161 2489 Annio
1183 2425 1280 2491 Floro
1308 2425 1364 2510 qui
1379 2425 1463 2491 cha-

294 2530 369 2595 risio
392 2540 477 2594 teste
498 2531 540 2593 ad
561 2527 767 2592 Hadrianum
789 2529 935 2613 scripsit,
964 2550 1061 2612 quem
1086 2553 1153 2594 non
1174 2531 1339 2595 diuersum
1361 2553 1429 2597 esse
1445 2557 1464 2596 a

294 2637 390 2700 Floro
404 2645 502 2721 poeta
510 2682 520 2711 ‚
544 2656 684 2718 quocum
697 2635 887 2699 Hadrianus
908 2634 1043 2699 ioculari
1058 2637 1200 2700 carmine
1215 2637 1370 2715 certauit,
1395 2660 1461 2702 om-

293 2764 350 2806 nes
373 2740 595 2806 consentiunt.
634 2742 691 2805 sed
713 2741 791 2824 quid
819 2740 885 2804 iam
905 2743 944 2806 de
967 2743 1006 2806 L.
1031 2742 1166 2806 Annaeo
1187 2744 1282 2807 Floro
1304 2742 1473 2825 epitomae

295 2848 449 2933 scriptore
463 2846 539 2912 fieti
561 2839 657 2909 nemi>
674 2845 762 2909 enim
776 2868 813 2910 eo
830 2869 931 2931 usque
947 2847 1137 2912 temeritatis
1159 2847 1398 2932 progredietur,
1426 2845 1465 2914 ut
1470 2925 1473 2930 Ι

292 2964 349 3018 aut
373 2954 466 3017 hunc
492 2951 703 3017 P.Ar'111ium
728 2963 786 3017 aut
811 2952 905 3017 illum
930 2953 970 3017 L
994 2955 1168 3018 Annaeum
1188 2955 1412 3018 necandum
1394 2949 1462 3019 esse

293 3068 406 3124 contra
422 3080 533 3122 omnes
546 3058 647 3121 libt'os
669 3056 831 3135 autumet3
863 3058 1051 3142 praesertim
1073 3081 1148 3123 cum
1169 3059 1224 3125 ille
1247 3058 1376 3143 ipseL.
1394 3062 1462 3172 An-
1480 3075 1482 3080 '

292 3185 393 3231 naeus
408 3164 551 3229 Florus
541 3175 607 3227 ra'm
620 3162 723 3227 iiice'rt
723 3185 761 3227 us
711 3164 939 3227 tfactust
897 3174 950 3228 srt.
1483 3176 1485 3182 ’

346 3272 424 3335 In
437 3269 571 3334 Benini
592 3257 725 3354 scriptor
747 3269 813 3354 epit
814 3291 904 3333 omae
926 3270 1031 3334 Iulius
1051 3268 1165 3335 Florus
1188 3269 1290 3335 audit.
1265 3211 1466 3356 tLipsius

293 3378 425 3462 quidem
445 3376 620 3440 electorum
635 3377 692 3453 11,
701 3383 718 3438 5
742 3397 775 3438 se
794 3377 969 3439 Annaeum
991 3377 1122 3440 Florum
1143 3397 1218 3439 cum
1239 3378 1351 3461 priscis
1372 3378 1462 3442 libris

294 3484 481 3568 scriptorem
495 3481 662 3545 nominare
676 3499 774 3564 quam
786 3482 912 3545 Iulium
925 3482 1022 3545 malle
1037 3482 1101 3558 ait3
1118 3483 1205 3546 nude
1220 3460 1461 3547 Freinshemius
1484 3469 1486 3474 ⁵

293 3590 415 3673 aliique
441 3596 604 3672 putarunt
620 3586 773 3671 llipsium
793 3586 872 3650 Iulii
891 3607 1013 3652 nomen
1031 3587 1067 3652 in
1088 3587 1250 3651 codicibus
1271 3586 1469 3670 quibusdam

292 3692 526 3777 praescriptum
543 3685 719 3756 inuenisse.
743 3691 818 3755 atis
834 3691 1035 3775 Raphaelem
1047 3692 1295 3758 Volaterranum
1308 3690 1461 3775 respexit,

293 3799 345 3883 qui
366 3807 534 3862 comment
562 3798 623 3862 ut’o
645 3798 734 3863 XVI
762 3795 920 3880 epitomae
947 3798 1134 3882 scriptorem
1158 3798 1264 3860 filium
1285 3819 1354 3861 esse
1382 3797 1462 3862 Iulii

293 3904 639 3972 FloriaQuinctiliano
646 3902 812 3968 memorati
827 3902 1007 3985 suspicatus
1023 3912 1082 3967 est.
1101 3913 1260 3987 quantum
1267 3902 1463 3967 uerotrium-

293 4009 392 4093 phum
401 4019 523 4093 ageret,
540 4009 568 4073 si
577 4009 655 4073 Iulii
669 4008 756 4072 Flori
771 4030 890 4072 nomen
905 4008 940 4072 in
956 4009 1063 4072 codice
1078 4010 1225 4073 omnium
1237 4009 1357 4093 optimo
1372 4008 1463 4074 inue-

293 4096 354 4179 uiri
368 4114 566 4198 conperisset
590 4114 778 4178 Franciscus
802 4115 835 4177 N
836 4114 958 4177 icolaus
986 4115 1127 4178 Titzius!
1163 4116 1216 4179 cui
1238 4138 1312 4179 cum
1326 4116 1362 4194 in
1375 4137 1465 4178 men-

296 4228 356 4284 tem
379 4220 526 4285 uenisset
551 4220 640 4283 huno
664 4220 783 4284 librum
809 4219 964 4302 scriptum
990 4242 1059 4284 esse
1074 4243 1094 4284 a
1112 4221 1197 4286 Iulio
1220 4223 1313 4284 Floro
1334 4220 1464 4284 Horatii

297 4326 413 4403 amico,
430 4326 573 4409 primum
598 4324 634 4388 in
648 4325 889 4408 quaestionibus
915 4326 955 4388 de
976 4326 1130 4408 epitomes
1157 4335 1262 4389 aetate
1276 4324 1463 4409 probabilis-

300 4430 384 4509 sima,
401 4454 480 4496 uero
495 4442 643 4509 auctore,
661 4432 794 4514 antiqua
808 4432 921 4508 forma,
939 4451 1025 4493 anno
1040 4452 1204 4495 nncocnn
1220 4430 1325 4506 editis,
1343 4439 1414 4491 tum
1427 4428 1463 4490 in

303 4537 432 4603 editione
455 4560 559 4622 quam-
575 4558 662 4602 anno
684 4556 895 4602 srucccxvnn
917 4536 1063 4613 curauit,
1091 4534 1285 4601 sententiam
1305 4555 1398 4597 suam
1417 4532 1464 4597 ita

305 4654 478 4719 persecutus
504 4652 571 4720 est,
595 4652 635 4707 ut
660 4661 879 4727 quaecumque
898 4652 1003 4706 aetate
1025 4639 1317 4726 Augustiqindigna
1331 4638 1361 4703 ei
1375 4639 1464 4704 uide-
