3809 5534
446 586 580 644 XXVIII
912 594 1109 641 rmrsrlo.

446 746 610 832 persequi3
635 747 670 809 id
689 767 793 809 unum
813 746 907 820 addo,
925 746 1054 807 nullum
1069 745 1103 806 in
1119 744 1206 807 Flori
1227 743 1389 806 codicibus
1409 743 1609 825 frequentius

447 874 516 915 esse
539 851 692 914 uitiorum
712 872 813 933 genus
840 872 936 931 quam
959 850 1138 913 litterarum
1158 850 1331 911 earundem
1350 848 1404 909 uel
1419 848 1505 910 inter
1520 870 1553 911 se
1568 848 1609 910 si-

446 956 574 1020 milium
600 967 656 1019 aut
685 955 888 1018 omissionem
918 966 974 1017 aut
999 954 1249 1037 geminationem
1279 953 1486 1035 neglegentia
1515 953 1609 1016 libra·

446 1062 567 1125 riorum
587 1070 708 1136 ortam,
739 1083 844 1123 cume
864 1061 973 1123 codice
995 1060 1146 1121 continua
1169 1058 1325 1141 scriptura
1340 1069 1469 1121 exarato
1485 1058 1541 1119 alii
1555 1060 1609 1120 de-

448 1166 670 1229 scriberentur.
708 1166 879 1228 lectionem
904 1166 966 1227 hoc
991 1166 1087 1226 modo
1109 1165 1318 1245 deprauatam
1340 1184 1416 1225 mox
1438 1184 1534 1244 saepe
1555 1183 1610 1243 per

448 1270 726 1352 interpolationem
740 1270 872 1353 grauius
887 1270 985 1333 etiam
1000 1279 1180 1349 corruptam
1194 1268 1292 1330 fuisse
1307 1290 1372 1329 non
1383 1289 1464 1349 opus
1480 1278 1528 1329 est
1543 1290 1608 1329 mo·

448 1397 534 1437 nere.
560 1377 614 1437 sed
631 1376 691 1437 hac
706 1375 927 1440 obseruatione
943 1374 1153 1437 certissimam
1166 1374 1262 1455 louge
1277 1372 1490 1454 plurimorum
1505 1372 1563 1454 qui
1575 1372 1610 1433 in

448 1478 610 1541 codicibus
632 1480 771 1562 corrupti
792 1482 946 1563 legrmtur
966 1481 1110 1542 locorum
1129 1477 1190 1540 uiti
1211 1477 1448 1540 restitutionem
1469 1499 1537 1540 non
1556 1499 1609 1539 ne-

448 1584 620 1647 cessarium
634 1585 763 1648 uidetur
778 1585 932 1666 exemplis
947 1587 1182 1659 demonstrare,
1206 1582 1323 1664 quippe
1343 1583 1430 1664 quod
1449 1593 1610 1644 attentum

447 1689 598 1751 lectorem
612 1689 745 1770 quaeuis
761 1712 826 1751 una
841 1690 906 1751 fere
921 1689 1040 1772 pagina
1054 1691 1177 1752 doceat.
1405 1688 1407 1692 ’

533 1796 618 1855 Cum
647 1793 703 1875 qui
728 1804 803 1862 ante
829 1793 1022 1856 Seebodium
1037 1795 1131 1857 Floro
1151 1792 1348 1855 restituendo
1375 1813 1505 1873 operam
1520 1793 1609 1853 dede-

448 1908 524 1960 runt
544 1904 575 1959 B
595 1897 645 1959 uti
666 1919 732 1959 nou
752 1898 931 1980 potuerint,
960 1899 1013 1961 hic
1035 1910 1144 1961 autem
1163 1896 1321 1971 noluerit,
1348 1896 1474 1958 nemini
1494 1896 1610 1957 mirum

449 2000 587 2077 accidet,
610 2002 637 2064 si
652 2001 747 2084 longe
761 2002 907 2085 plurimis
924 2003 1002 2066 locis
1011 2052 1021 2080 ,
1046 2004 1163 2085 quibus
1184 2002 1389 2065 restituendis
1405 2001 1531 2064 codices
1547 2023 1610 2063 nou

449 2106 654 2182 suffecenmt,
671 2130 771 2170 nouas
788 2119 844 2171 aut
860 2131 879 2170 a
893 2130 943 2169 me
959 2120 1015 2171 aut
1030 2110 1070 2171 ab
1086 2108 1196 2170 amicis
1207 2107 1356 2169 inuentas
1372 2106 1610 2167 emendationes

448 2210 483 2272 in
498 2212 642 2274 ordinem
662 2215 833 2275 uerborum
852 2224 995 2295 receptas
1017 2212 1173 2276 inueniet.
1209 2234 1275 2273 non
1296 2210 1388 2293 quasi
1411 2210 1610 2293 egregiorum

448 2317 590 2380 uirorum
606 2317 782 2379 tentamina
798 2319 984 2400 spreuerim,
1002 2320 1058 2381 sod
1072 2339 1147 2380 cum
1162 2317 1206 2379 eis
1222 2338 1241 2377 a
1256 2315 1364 2377 codice
1378 2321 1417 2379 N
1428 2315 1498 2378 siue
1515 2315 1610 2377 etiam

449 2442 468 2481 a
483 2420 644 2482 codicibus
659 2422 887 2485 recentioribus
901 2423 1170 2505 proficiscendum
1196 2431 1299 2495 esset,
1323 2420 1384 2482 hac
1405 2419 1539 2500 quidem
1558 2418 1610 2480 uia

448 2547 518 2587 raro
533 2535 661 2588 tantum
675 2549 788 2589 uerum
803 2526 948 2590 inuenire
963 2537 1149 2611 potuerunt.
1175 2548 1212 2588 eo
1226 2524 1334 2586 minus
1349 2525 1465 2586 horum
1480 2523 1609 2586 uomina

447 2640 551 2693 tacere
567 2632 658 2693 decet
672 2631 728 2693 ubi
743 2653 853 2694 eorum
867 2631 997 2713 ingenio
1019 2653 1095 2694 uera
1116 2631 1212 2693 lectio
1233 2631 1376 2692 debetur.
1416 2650 1514 2711 quare
1538 2649 1609 2690 cum

447 2735 559 2817 paucis
574 2736 766 2818 quibusdam
779 2737 857 2800 loeis
871 2758 981 2798 meum
996 2746 1052 2798 aut
1059 2736 1234 2798 amicorum
1241 2733 1426 2815 ngominaeis
1436 2735 1608 2818 adscripse-

446 2839 508 2900 rim
529 2860 609 2920 quae
631 2835 686 2900 alii
710 2837 775 2898 iam
790 2849 874 2902 recte
889 2852 1107 2916 correxerant,
1131 2862 1184 2902 eos
1204 2861 1245 2900 ne
1260 2840 1313 2901 cui
1327 2825 1481 2900 iniuriam
1496 2838 1609 2901 faciam

447 2942 518 3017 hic,
541 2953 699 3024 quantum
713 2943 843 3025 quidem
865 2943 1097 3021 animaduerti,
1123 2966 1233 3008 omnes
1255 2945 1436 3006 recensebo.
1476 2943 1608 3027 igiturp
1659 2942 1664 2950 ’

448 3051 501 3121 29,
523 3054 559 3108 14
578 3055 680 3110 tamen
696 3056 785 3111 tanta
805 3048 1009 3112 scribendum
1030 3072 1098 3114 esse
1121 3050 1206 3111 uidit
1227 3049 1400 3123 Dukerus,
1423 3070 1501 3111 eum
1524 3056 1608 3112 tanta

448 3159 551 3214 tumen
565 3153 705 3215 habeant
719 3159 786 3216 BN
798 3190 836 3200 -
852 3176 929 3216 nam
949 3176 1052 3217 errore
1073 3154 1230 3218 contraria
1252 3153 1298 3215 ibi
1319 3155 1518 3216 adnotantur
1532 3173 1607 3234 -p

447 3262 500 3331 43,
530 3264 565 3318 10
592 3257 676 3319 Asia
702 3257 825 3319 addidit
850 3259 915 3321 iam
950 3260 1143 3334 Seebodius3
1178 3265 1270 3340 p47,
1288 3265 1305 3318 9
1329 3266 1433 3321 tamen
1460 3269 1493 3321 et
1518 3263 1605 3341 pffl,

452 3368 487 3422 12
504 3362 606 3424 ueluti
618 3361 775 3424 Heinsius
791 3362 978 3439 inuenerat,
1000 3364 1138 3446 denique
1152 3386 1174 3446 p
1192 3368 1243 3437 88,
1265 3369 1302 3425 18
1318 3362 1467 3425 inemdia
1484 3361 1606 3425 Perizo

446 3466 531 3529 nius.
556 3466 670 3549 quodsi
690 3466 759 3528 iure
781 3466 904 3531 mireris
926 3469 1013 3531 uiros
1035 3471 1144 3532 doctos
1160 3467 1308 3550 quamuis
1329 3467 1437 3530 codice
1459 3467 1606 3529 Bamber·

444 3572 536 3653 gensi
551 3571 721 3634 destitutos
738 3582 846 3633 tamen
867 3583 914 3636 tot
935 3574 1014 3636 loeis
1039 3576 1080 3636 ad
1102 3595 1216 3635 uerum
1236 3572 1440 3653 peruenisse,
1470 3569 1601 3643 accedit,
1659 3616 1661 3620 -

446 3678 529 3758 quod
545 3679 585 3738 ad
599 3676 714 3738 merita
729 3699 837 3740 eorum
859 3689 944 3740 recte
967 3678 1164 3741 aestimanda
1186 3678 1272 3740 haud
1295 3676 1535 3758 neglegendum
1549 3683 1604 3747 est,
1659 3689 1661 3693 ·

444 3801 510 3840 non
526 3781 661 3862 exiguus
683 3782 825 3844 locorum
847 3805 1000 3845 uumerus
1028 3782 1145 3865 quiboe
1167 3781 1200 3844 id
1222 3783 1307 3864 quod
1322 3780 1509 3844 coniectura
1522 3780 1605 3841 adse

445 3883 513 3945 cuti
528 3895 618 3946 erant
634 3885 750 3948 codicis
765 3896 794 3948 B
810 3887 994 3951 testimonio
1009 3887 1075 3949 iam
1090 3888 1321 3970 conprobatum
1336 3882 1395 3947 est.
1424 3874 1509 3966 'quos
1524 3886 1604 3946 locos

444 3986 498 4049 hic
519 4009 681 4050 recensere
702 3989 842 4070 placuit,
874 4013 940 4053 non
963 4013 1026 4073 quo
1047 3990 1166 4051 famam
1188 3989 1363 4052 illustrium
1385 3988 1532 4051 uirorum
1553 4008 1604 4049 au·

442 4115 548 4175 geum,
565 4092 657 4154 cuius
673 4093 841 4156 discrimen
856 4118 922 4157 non
936 4095 1114 4177 insiugtdis
1122 4094 1313 4156 coniecturis
1328 4104 1489 4169 uersatur,
1506 4093 1561 4156 sed
1570 4100 1604 4152 ut

443 4207 631 4281 argumento
647 4197 712 4259 siut
727 4209 837 4261 contra
852 4199 1043 4281 ignauorum
1057 4198 1316 4281 superstitionem
1327 4198 1383 4279 qui
1399 4198 1485 4262 nihil
1501 4208 1604 4262 contra

416 4296 419 4301 ¹
442 4305 565 4367 codices
592 4304 776 4365 audendum
800 4326 867 4366 esse
893 4304 1035 4365 clamant
1058 4314 1179 4365 etcum
1205 4302 1445 4384 corruptissima
1466 4322 1604 4386 quaeque

442 4407 627 4490 intellegere
643 4407 704 4471 sibi
718 4407 901 4482 uideantur,
918 4407 1041 4470 ratione
1052 4419 1147 4490 atque
1164 4418 1230 4470 arte
1246 4430 1360 4470 uerum
1373 4407 1603 4471 inueniendum

443 4533 508 4573 esse
523 4533 590 4574 non
603 4514 810 4594 intellegunt.
841 4523 936 4594 atque
951 4512 1135 4595 superstitio
1156 4513 1226 4595 ipsa
1247 4514 1314 4575 fore
1333 4523 1371 4575 ut
1387 4513 1539 4577 uincatur
1553 4509 1603 4595 qui

442 4616 582 4698 sperem?
605 4639 686 4700 quae
701 4617 946 4681 inbecillitatem
967 4616 1067 4680 animi
1082 4628 1177 4699 atque
1200 4617 1359 4681 inuidiam
1374 4619 1478 4683 socias
1493 4621 1602 4684 habere
