3809 5534
369 603 410 666 88
858 622 928 665 rvnr
946 622 1043 665 suoru

368 774 447 836 nus!
469 809 502 819 -
523 773 578 856 qui
594 772 673 835 uiri!
698 772 754 855 qui
769 772 993 855 imperatores!
1018 775 1132 835 decora
1154 783 1187 835 et
1202 780 1393 835 ornamenta
1408 770 1526 834 saeculi

368 878 438 955 sui,
462 879 587 942 Marius
602 890 634 942 et
650 879 761 955 Sulla,
784 878 923 962 pessimo
944 878 1079 941 facinori
1100 900 1193 941 suam
1214 877 1312 941 etiam
1335 877 1527 959 dignitatem

366 987 594 1069 praebuemnt.
1555 998 1563 1008 ·

454 1091 582 1154 Bellum
595 1091 693 1154 ciuile
709 1092 895 1155 Marianum
910 1092 980 1154 siue
997 1092 1171 1153 Sullanum
1185 1090 1306 1167 tribus,
1324 1102 1362 1152 ut
1378 1090 1426 1153 sic
1440 1089 1524 1153 dixe-

367 1197 447 1273 rim,
476 1197 634 1261 sideribus
656 1197 815 1281 agitatum
838 1209 897 1261 est.
929 1198 1071 1280 primum
1091 1197 1158 1259 leui
1180 1207 1212 1260 et
1233 1197 1359 1261 modico
1384 1197 1526 1260 tumultu
1552 1213 1564 1262 t

366 1303 486 1366 maiore
508 1326 607 1386 quam
626 1303 731 1380 bello,
759 1305 845 1368 intra
866 1304 951 1387 ipsos
973 1305 1143 1367 dumtaxat
1159 1326 1322 1367 armorum
1337 1306 1438 1368 duces
1454 1305 1524 1368 sub-

368 1410 501 1473 sistente
517 1404 653 1474 saeuitia
660 1435 670 1486 3
695 1433 771 1473 mox
794 1410 932 1474 atrocius
955 1421 987 1472 et
1009 1410 1174 1473 cruentius
1195 1433 1253 1495 per
1275 1410 1379 1494 ipsius
1401 1408 1524 1472 uiscera

368 1528 498 1580 senatus
513 1530 680 1600 grassante
696 1518 849 1593 uictoria3
874 1517 990 1580 ultimo
1005 1539 1071 1579 non
1093 1516 1229 1579 ciuicam
1250 1520 1365 1592 modo,
1391 1518 1449 1581 sed
1471 1516 1523 1578 ho·

367 1622 473 1685 stilem
496 1644 623 1706 quoque
644 1623 766 1691 rabiem
789 1644 1032 1706 supergressum
1053 1634 1121 1698 est,
1152 1645 1228 1685 cum
1254 1645 1419 1687 armorum
1438 1623 1523 1685 furor

367 1728 466 1792 totius
482 1729 597 1792 Italiae
612 1729 737 1793 uiribus
752 1731 929 1805 niteretur,
947 1751 985 1792 eo
1001 1750 1103 1811 usquc
1119 1728 1201 1791 odiis
1216 1728 1439 1792 saeuientibus
1455 1750 1521 1811 per·
1543 1740 1564 1788 tt

367 1847 477 1897 actum
492 1847 559 1910 est,
577 1836 678 1897 donec
692 1836 860 1911 deessent,
883 1835 939 1918 qui
954 1834 1184 1899 occiderentur.

454 1940 591 2003 Initium
613 1952 645 2003 et
666 1963 764 2004 causa
783 1942 862 2005 belli
882 1940 1088 2024 inexplebilis
1110 1941 1270 2004 honorum
1291 1941 1392 2005 Marii
1411 1942 1521 2017 fames,

366 2048 444 2109 dum
471 2049 631 2110 decretam
658 2048 768 2111 Sullae
795 2048 997 2131 prouinciam
1017 2047 1162 2131 Sulpicia
1181 2048 1253 2130 lege
1274 2048 1440 2112 sollicitat.
1470 2049 1522 2112 sed

366 2153 527 2237 inpatiens
554 2153 690 2217 iniuriae
712 2153 822 2217 statim
843 2155 935 2218 Sulla
957 2154 1100 2237 legiones
1122 2153 1331 2238 circumegit,
1359 2155 1521 2238 dilatoque

367 2260 558 2323 Mithridate
585 2260 755 2343 Esquilina
781 2261 972 2344 Collinaque
997 2271 1090 2343 porta
1114 2260 1283 2343 geminum
1309 2283 1430 2344 agmen
1455 2260 1521 2323 urbi
1533 2270 1555 2320 u

367 2366 497 2428 infudit.
522 2366 598 2430 inde
614 2389 689 2429 cum
704 2367 852 2429 consules
865 2366 1030 2450 Sulpicius
1046 2376 1079 2429 et
1089 2366 1317 2431 Albinouanus
1333 2367 1519 2431 obiecissent

367 2483 512 2535 cateruas
535 2495 628 2549 suas,
654 2483 686 2535 et
709 2495 786 2535 saxa
807 2472 951 2555 undique
974 2495 993 2534 a
1007 2472 1175 2536 moenibus
1191 2495 1228 2537 ac
1250 2475 1316 2537 tela
1331 2473 1517 2548 iacerenttu,

366 2578 435 2661 ipse
457 2601 583 2662 quoque
605 2579 765 2642 iaculatus
788 2577 937 2640 incendia
959 2577 1048 2640 uiam
1069 2579 1145 2642 fecit
1167 2601 1336 2662 arcemque
1358 2577 1517 2662 Capitolii,

366 2707 448 2768 quae
464 2687 609 2761 PoenoS,
633 2708 715 2769 quae
731 2684 843 2749 Gallos
860 2683 957 2747 etiam
974 2681 1118 2748 Senonas
1134 2696 1299 2762 euaserat,
1318 2686 1413 2768 quasi
1428 2684 1518 2768 capti·

365 2812 442 2853 uam
456 2791 560 2854 uictor
574 2791 703 2854 insedit.
727 2803 797 2853 tum
809 2813 849 2853 ex
860 2791 1009 2853 consulto
1024 2801 1155 2854 senatus
1170 2792 1364 2855 aduersariis
1379 2792 1518 2856 hostibus
1531 2797 1552 2848 11

365 2897 515 2960 iudicatis
542 2897 577 2958 in
603 2908 807 2979 praesentem
837 2896 1005 2959 tribunum
1032 2897 1175 2980 aliosque
1203 2897 1350 2960 diuersae
1377 2896 1517 2962 factionis

366 3004 435 3066 iure
450 3002 611 3066 saeuitum
626 3014 690 3077 est3
717 3002 859 3066 Marium
874 3002 999 3065 seruilis
1014 3003 1093 3086 fuga
1114 3002 1253 3078 exemit,
1274 3002 1377 3067 immo
1397 3005 1518 3068 fortuna

367 3109 459 3173 alteri
473 3110 558 3172 bello
572 3109 761 3173 reseruauit.

452 3215 601 3279 Cornelio
618 3216 725 3280 Cinna
740 3218 833 3281 Gneo
849 3216 986 3280 Octauio
1002 3215 1187 3279 consulibus
1209 3216 1293 3279 male
1309 3218 1464 3281 obrutum
1477 3239 1516 3280 re

367 3321 505 3385 surrexit
529 3321 733 3397 incendium,
763 3333 795 3384 et
816 3321 947 3404 quidem
968 3324 1007 3385 ab
1022 3322 1165 3405 ipsorum
1187 3321 1367 3399 discordia,
1396 3347 1470 3386 cum
1484 3326 1516 3386 dc
1529 3329 1550 3379 15

365 3427 554 3491 reuocandis
570 3450 649 3511 quos
665 3438 795 3491 senatus
810 3428 918 3490 hostes
934 3427 1135 3491 iudicauerat
1150 3430 1192 3491 ad
1215 3429 1375 3511 populum
1396 3431 1516 3493 referre·

366 3546 436 3611 tur;
466 3535 572 3598 cincta
598 3533 728 3616 quidem
753 3533 868 3617 gladiis
891 3533 1060 3609 contione,
1089 3536 1145 3597 sed
1173 3533 1383 3599 uincentibus
1410 3536 1517 3620 quibus

364 3664 428 3724 pax
443 3653 475 3704 et
490 3642 580 3725 quies
595 3641 711 3724 potior,
728 3641 882 3724 profugus
898 3639 1003 3723 patria
1017 3661 1076 3701 sua
1091 3639 1199 3703 Cinna
1220 3641 1368 3725 confugit
1392 3644 1433 3705 ad
1454 3663 1516 3725 par·

366 3759 425 3809 tes.
456 3748 551 3811 rediit
573 3749 612 3810 ab
633 3748 743 3810 Africa
764 3746 888 3810 Marius
912 3747 1002 3809 clade
1016 3744 1136 3821 maior3
1162 3746 1189 3809 si
1205 3746 1338 3829 quidem
1353 3770 1461 3812 carcer
1474 3770 1517 3810 ca·

366 3864 459 3917 tenae
474 3854 552 3936 fuga
567 3852 701 3915 exilium
716 3852 978 3915 horrificauerant
994 3840 1197 3934 dignitatem.
1222 3852 1333 3936 itaque
1349 3856 1391 3917 ad
1406 3876 1516 3919 nomen
1531 3859 1553 3910 3⁰

367 4113 382 4161 2
396 4107 465 4177 sylla
475 4118 520 4160 ΒΝ
530 4106 539 4176 11
553 4108 568 4157 t
582 4105 707 4158 sillanum
718 4119 763 4159 ΒΝ
774 4108 782 4177 11
795 4113 809 4159 5
824 4107 910 4179 primo
924 4119 951 4160 ct
963 4107 1019 4160 leui
1030 4119 1056 4160 N
1066 4108 1075 4178 11
1088 4112 1104 4161 6
1117 4108 1209 4177 ipsoN
1219 4109 1228 4178 11
1241 4108 1388 4162 dumtaxat
1399 4128 1441 4164 om
1452 4108 1494 4177 Ν1
1507 4111 1517 4158 1

365 4192 450 4247 totius
461 4204 487 4245 N
498 4193 506 4265 11
521 4196 535 4245 8
548 4200 684 4245 crassante
696 4205 739 4245 ΒΝ
750 4195 758 4263 11
772 4194 898 4246 ultimum
910 4204 934 4245 N
946 4192 955 4262 11
969 4192 1055 4245 ciuica
1072 4204 1098 4245 Ν
1108 4192 1146 4264 119
1166 4199 1208 4246 est
1226 4194 1370 4247 delcucrim
1384 4196 1394 4266 11
1409 4199 1440 4248 to
1459 4193 1519 4246 nite

365 4286 458 4333 rentur
470 4292 489 4334 Β
502 4280 510 4350 11
524 4286 662 4350 peractum
675 4286 717 4331 est
728 4296 770 4331 om
782 4290 806 4330 N
817 4279 825 4348 11
842 4282 872 4331 13
890 4277 973 4349 syllae
991 4289 1035 4330 ΒΝ
1046 4278 1054 4346 11
1070 4281 1100 4330 14
1119 4277 1188 4348 sylla
1204 4279 1269 4348 ΒΝ1
1285 4282 1316 4331 15
1336 4280 1472 4351 esquilina
1491 4297 1518 4341 ςι

364 4390 392 4419 u
406 4364 446 4435 (sy
460 4370 474 4418 2
487 4364 579 4436 manu)
590 4364 627 4417 lla
639 4377 673 4428 Β,
693 4364 785 4416 escilia
800 4375 826 4416 N
836 4364 845 4433 11
860 4367 891 4415 16
903 4362 1025 4416 infundit
1036 4375 1061 4417 N
1072 4362 1080 4431 11
1094 4363 1166 4416 unde
1185 4380 1247 4415 oum
1266 4365 1396 4419 consulto
1407 4378 1434 4421 N
1443 4367 1452 4438 11
1465 4381 1520 4418 con·

366 4450 437 4503 soles
450 4451 464 4502 ὂ
478 4450 486 4520 11
503 4453 531 4503 17
545 4450 642 4503 sudeas
654 4461 679 4503 N
690 4449 698 4518 11
715 4451 745 4500 ts
764 4448 894 4501 iacolatus
913 4460 938 4500 N
955 4448 963 4518 11
983 4448 1109 4501 incendia
1128 4448 1286 4517 Hauptr'rrs:
1311 4449 1441 4504 incendio
1460 4461 1501 4504 ΒΝ
1510 4448 1516 4518 1

369 4538 400 4586 lt)
417 4552 517 4605 poenas
535 4548 554 4588 Β
573 4538 581 4602 11
601 4553 669 4607 quae
687 4532 799 4602 empti.-
825 4551 932 4604 quoque
951 4545 995 4586 ΒΝ
1018 4534 1027 4604 11
1053 4550 1167 4586 senones
1192 4546 1218 4586 N
1239 4535 1299 4603 1120
1324 4543 1385 4591 tum
1407 4558 1440 4601 ς.·
1465 4552 1518 4589 cum

366 4629 411 4673 ΒΝ
421 4620 430 4689 11
443 4622 602 4675 obuersariis
626 4635 645 4674 Β
658 4622 666 4693 11
681 4623 711 4673 21
732 4618 858 4672 iudicatis
877 4637 918 4671 om
935 4633 954 4671 Β
973 4620 982 4690 11
1002 4621 1034 4671 22
1059 4618 1155 4672 eximit
1176 4620 1221 4690 Ν1
1241 4622 1274 4672 23
1298 4624 1454 4677 reseruabit
1471 4624 1519 4692 125

368 4720 448 4774 quam
460 4718 478 4757 Β
492 4706 500 4775 11
514 4709 545 4757 21
560 4707 734 4761 contentione
746 4717 764 4756 Β
778 4705 786 4775 11
801 4708 832 4757 29
846 4704 916 4757 redit
927 4717 952 4757 N
963 4705 971 4773 11
