3809 5534
645 539 661 684 ,Ι
708 604 857 648 nameus
875 605 897 660 1,
916 597 930 647 2
950 583 1065 671 [6-s].
1429 593 1460 654 11

272 752 296 813 Ι
310 773 366 835 per
381 752 515 818 nuntios
531 754 733 830 consulenti,
758 754 836 838 quid
851 754 920 818 fieri
942 756 1057 831 uellet,
1083 756 1258 820 ambientis
1272 759 1353 822 forte
1368 782 1466 843 pape·

309 880 424 922 uerum
439 859 547 944 capita
561 859 690 944 uirgula
705 860 883 935 excutiens,
900 882 974 923 eum
989 882 1047 944 per
1061 862 1122 925 hoc
1137 862 1373 928 interficiendos
1396 888 1466 930 esse

307 962 470 1048 principes
482 965 583 1028 uellet
598 966 755 1048 intellegi,
773 966 864 1049 quasi
876 966 1026 1049 superbia
1041 966 1149 1030 sileret
1164 968 1328 1051 respondit
1343 981 1462 1034 tamen.

309 1069 348 1130 de
363 1069 527 1133 manubiis
543 1082 709 1155 captarum
730 1071 857 1135 urbium
875 1073 1032 1155 templum
1047 1073 1159 1135 erexit.
1185 1076 1357 1155 quodcum
1373 1075 1464 1138 inau-

278 1185 499 1257 5guraretur,
529 1176 716 1241 cedentibus
742 1177 855 1240 ceteris
882 1178 931 1240 dis
952 1214 996 1224 —
1016 1177 1098 1240 mira
1123 1200 1173 1241 res
1200 1179 1289 1242 dictu
1317 1217 1353 1227 —
1374 1180 1464 1244 resti·

310 1289 374 1343 tere
400 1283 558 1345 quentas
579 1292 612 1345 et
627 1282 809 1345 Terminus.
834 1283 956 1366 placuit
976 1282 1105 1345 uatibus
1132 1285 1334 1347 contumacia
1359 1287 1464 1349 numi·

308 1407 404 1461 num,
430 1386 457 1448 si
481 1386 611 1469 quidem
626 1390 718 1451 firme
733 1388 842 1451 omnia
857 1399 889 1451 ct
904 1402 1033 1451 aetema
1048 1389 1293 1471 pollicebantur.
1320 1393 1374 1453 scd
1390 1392 1465 1455 illut

309 1490 489 1568 orrentius,
513 1494 600 1574 quod
621 1493 829 1557 molientibus
851 1496 963 1557 aedem
984 1494 1018 1556 in
1041 1494 1260 1557 fundamentis
1283 1497 1464 1560 humanum

308 1608 472 1682 repertum
488 1608 537 1660 est
552 1608 665 1681 caput,
683 1621 742 1662 nee
759 1599 947 1663 dubitauere
963 1599 1072 1662 cuncti
1086 1611 1266 1662 monstrum
1288 1602 1463 1685 pulcherri-

268 1709 292 1760 111
309 1721 400 1762 mum
415 1700 543 1785 imperii
559 1704 667 1767 sedem
682 1715 842 1789 caputque
857 1716 1014 1767 terrarum
1029 1706 1225 1789 promittere.
1251 1715 1318 1770 tem
1339 1706 1396 1769 diu
1411 1730 1463 1769 su·

308 1806 454 1888 perbiam
475 1808 560 1891 regis
582 1809 721 1892 populus
750 1812 918 1900 Romanus
946 1833 1116 1894 perpessus
1139 1823 1206 1888 est,
1231 1813 1332 1874 donec
1354 1814 1465 1875 aderat

309 1911 427 1988 libid03
453 1914 538 1976 hanc
553 1936 593 1977 ex
607 1913 716 1977 liberis
732 1914 801 1978 eius
817 1914 1085 1999 inportunitatem
1108 1918 1242 1980 tolerare
1264 1939 1329 1979 non
1344 1917 1461 2001 potuit.

311 2039 446 2100 quorum
468 2040 543 2082 cum
565 2020 646 2083 alter
668 2020 888 2083 ornatissimae
904 2020 1042 2083 sentinae
1065 2022 1233 2086 Lucretiae
1254 2034 1401 2106 stuprum
1416 2023 1465 2084 in-

310 2123 455 2200 tulisset,
487 2137 635 2189 matrona
663 2127 800 2189 dedecus
831 2125 914 2189 ferro
943 2125 1105 2210 expiauit,
1137 2126 1308 2211 imperium
1337 2127 1465 2212 regibus

259 2237 293 2290 15
311 2231 510 2314 abrogatum.

384 2493 432 2555 ΙΙ.
458 2493 895 2558 ANACEPHALAEOSIS
912 2494 973 2556 DE
990 2493 1168 2556 SEPTEM
1184 2495 1394 2559 REGIBVS.

311 2703 399 2765 Haec
415 2713 465 2766 est
479 2702 583 2787 prima
598 2713 685 2767 aetas
699 2703 811 2788 populi
823 2701 964 2768 Romani
979 2711 1010 2763 et
1022 2702 1114 2783 quasi
1128 2702 1276 2778 infantia,
1294 2724 1390 2785 quam
1406 2703 1461 2765 ha·
1481 2706 1499 2767 8

310 2807 378 2872 buit
399 2810 460 2872 sub
482 2808 610 2892 regibus
633 2820 768 2892 septem,
792 2810 930 2891 quadam
945 2807 1085 2870 fatorum
1100 2807 1258 2871 industria
1280 2819 1346 2871 tam
1364 2807 1462 2871 uariis

310 2911 439 2997 ingenio
467 2924 505 2977 ut
526 2914 573 2978 rei
594 2913 742 2998 publicae
762 2913 843 2977 ratio
866 2925 899 2976 et
914 2912 1038 2975 utilitas
1053 2914 1248 2996 postulabatss
1288 2935 1364 2976 nam
1386 2912 1464 2996 quid

248 3017 294 3078 20
311 3020 450 3084 Romulo
474 3020 658 3084 ardentius?
681 3020 739 3084 tali
761 3041 841 3104 opus
863 3018 942 3094 fuit,
968 3029 1004 3080 ut
1027 3017 1195 3082 inuaderet
1215 3042 1361 3101 regnum.
1386 3018 1464 3102 quid

311 3126 421 3190 Numa
441 3124 640 3208 religiosius?
663 3125 709 3189 ita
736 3147 786 3189 res
807 3123 971 3208 poposcit,
1003 3134 1040 3186 ut
1060 3123 1149 3186 ferox
1169 3126 1307 3207 populus
1332 3128 1464 3188 deorum

309 3246 399 3295 metu
413 3230 627 3314 mitigaretur.
653 3230 749 3313 quid?
771 3230 826 3293 ille
841 3229 977 3291 militiae
993 3228 1108 3291 artifex
1123 3230 1239 3294 Tullus
1254 3230 1463 3294 bellatoribus

310 3338 387 3402 uiris
402 3360 501 3420 quam
516 3336 727 3412 necessarius,
745 3346 781 3399 ut
797 3346 925 3398 acueret
939 3333 1062 3396 ratione
1078 3333 1245 3397 virtutem!
1265 3335 1361 3417 quid?
1377 3335 1462 3397 aedi·

309 3445 421 3507 ficator
441 3444 571 3519 Ancus,
602 3452 640 3505 ut
664 3443 776 3505 urbem
798 3439 924 3503 colonia
945 3441 1149 3515 extenderet,
1180 3450 1279 3523 ponte
1301 3440 1460 3521 iungeret,

248 3547 292 3609 ²5
311 3571 401 3612 muro
418 3559 572 3612 tueretur.
597 3548 663 3610 iam
677 3569 754 3610 uero
770 3556 960 3610 ornamenta
975 3543 1143 3627 Tarquinii
1158 3555 1190 3606 et
1205 3544 1346 3625 insignia
1361 3566 1462 3625 quan·

310 3667 374 3718 tam
389 3654 530 3739 principi
544 3654 663 3737 populo
680 3652 871 3715 addiderunt
883 3673 923 3713 ex
935 3650 1005 3732 ipso
1017 3648 1133 3711 habitu
1144 3647 1353 3729 dignitatem!
1372 3659 1463 3711 aetus

310 3783 328 3824 a
343 3760 458 3825 Seruio
473 3780 588 3823 census
604 3757 682 3841 quid
703 3756 825 3832 effecit,
842 3756 906 3819 nisi
923 3766 961 3818 ut
982 3754 1053 3838 ipsa
1073 3774 1106 3816 se
1126 3764 1235 3815 nosset
1250 3755 1463 3816 Romanares

311 4068 324 4115 2
338 4063 468 4116 circulos
481 4064 490 4133 11
505 4068 519 4115 3
532 4060 654 4130 intellegi
667 4060 750 4112 uellet
761 4071 786 4111 N
803 4059 811 4129 11
825 4058 902 4128 quasi
920 4058 1036 4111 Tibiae.-
1049 4075 1103 4127 qua
1115 4056 1176 4119 lul,
1192 4058 1256 4128 quia
1266 4057 1311 4120 11¹,
1327 4075 1395 4126 quae
1407 4069 1432 4110 N
1442 4058 1451 4125 11

311 4148 401 4201 ederet
412 4148 569 4218 Hauptics:
598 4145 636 4199 sic
654 4157 712 4199 B1N
727 4145 736 4215 11
762 4142 997 4197 bcaedentibuse
1021 4144 1029 4211 11
1048 4142 1081 4195 de
1101 4143 1181 4195 hisN
1201 4143 1209 4213 11
1229 4162 1271 4196 res
1284 4141 1463 4195 diciturexti-
1564 4169 1568 4180 «

311 4233 372 4286 tissa
389 4233 514 4287 restitere
525 4244 560 4284 131
575 4230 584 4301 1
604 4234 618 4283 6
632 4229 825 4284 contumatiam
837 4241 856 4280 B
874 4227 911 4296 118
930 4227 1094 4280 horrendum
1111 4240 1136 4279 N
1159 4226 1168 4297 11
1194 4225 1369 4281 molientibus
1386 4224 1463 4276 edem

310 4329 334 4382 Ι,
361 4317 538 4371 molientibus
552 4316 643 4370 sedem
654 4327 692 4378 N,
719 4313 892 4366 mouentibus
911 4313 1032 4365 sedemlt
1051 4313 1060 4379 11
1083 4316 1108 4365 ll
1135 4314 1228 4367 aberat
1251 4322 1288 4363 1N
1305 4311 1313 4379 11
1336 4311 1364 4359 1-1
1380 4307 1462 4376 impe-

312 4403 379 4456 rium
402 4409 461 4455 tum
480 4400 591 4471 regibus
614 4412 639 4453 N
662 4399 670 4469 11
699 4402 728 4451 16
750 4402 1060 4461 marcenniacum,
1081 4406 1334 4451 anscnsunusoms
1353 4404 1377 4444 N
1395 4393 1402 4460 11
1423 4390 1462 4443 ia-

312 4488 478 4557 acriptionem
491 4496 555 4539 cml
566 4487 574 4555 11
592 4489 621 4538 ts
635 4492 737 4554 septem
749 4501 796 4553 per
808 4499 893 4535 annos
905 4490 937 4535 ut
949 4482 1067 4534 diximus
1079 4493 1191 4535 ccxu111
1204 4494 1219 4533 Ι
1230 4480 1238 4548 11
1258 4482 1285 4529 21
1303 4477 1465 4546 popoposeit

313 4584 329 4623 Β
348 4574 356 4643 11
376 4576 407 4625 22
422 4572 518 4625 tullius
530 4572 581 4625 NJ?
600 4572 609 4641 11
628 4575 659 4623 23
674 4576 797 4622 aceueret
808 4580 826 4619 N
844 4568 852 4635 11
872 4571 901 4619 21
919 4567 1051 4620 coloniam
1069 4578 1088 4617 N
1106 4565 1114 4633 11
1134 4568 1164 4616 N
1186 4563 1268 4616 efficit
1285 4574 1309 4614 N
1327 4562 1336 4630 11
1353 4579 1465 4615 romana

312 4658 404 4727 01111111
470 4727 472 4732 γ
