3809 5534
370 390 410 450 56
853 402 923 446 war
940 402 1037 446 rtoru

369 577 519 640 oppressa
532 553 648 617 ciuitas
663 552 791 616 nullum
807 552 847 614 de
862 574 894 615 se
909 551 1066 634 gaudium
1080 549 1166 615 hosti
1180 549 1322 633 reliquit.
1337 569 1426 612 unus
1441 547 1531 611 enim

369 662 420 725 uir
435 660 658 726 Numantinus
673 648 739 722 non
754 657 817 721 fuit
844 657 901 740 qui
922 657 958 719 in
980 656 1102 720 catenis
1118 658 1303 731 duceretur3
1328 656 1470 738 praeda,
1494 662 1532 716 ut

370 770 410 832 de
430 765 642 851 pauperibus,
665 765 772 827 nulla:
803 785 890 827 arma
911 762 974 845 ipsi
997 772 1231 825 cremauerunt.
1258 760 1445 843 triumphus
1468 757 1530 821 fuit

371 883 499 937 tantum
514 874 553 935 de
568 870 710 933 nomine.
1124 918 1127 924 .

265 982 358 1058 11,19
457 979 626 1040 Hactenus
641 977 779 1059 populus
795 976 962 1040 Romanus
984 975 1120 1057 pulcher
1141 974 1288 1059 egregius
1302 972 1378 1057 pius
1394 981 1525 1035 sanctus

370 1085 472 1166 adque
494 1081 705 1165 magnificus,
736 1080 860 1163 reliqua
879 1080 1019 1157 saeculi,
1044 1092 1081 1143 ut
1103 1080 1239 1164 grandia
1260 1101 1380 1162 aeque,
1406 1077 1456 1141 ita
1477 1078 1530 1141 uel

368 1189 471 1271 magis
484 1187 612 1251 turbida
626 1197 659 1250 et
673 1186 786 1263 foeda,
809 1186 1025 1250 crescentibus
1046 1208 1121 1249 cum
1142 1186 1213 1269 ipsa
1226 1184 1456 1269 magnitudine
1471 1182 1527 1246 im-

367 1294 449 1378 perii
472 1292 561 1356 uitiis
571 1317 581 1368 ;
614 1294 693 1356 adeo
714 1303 771 1369 ut,
799 1292 827 1356 si
848 1293 920 1376 quis
940 1293 1025 1356 hanc
1039 1292 1168 1355 tertiam
1183 1292 1253 1355 eius
1268 1301 1411 1354 aetatem
1426 1299 1527 1352 trans·

369 1397 545 1475 marinam,
563 1421 659 1482 quarn
675 1400 887 1461 ducentorum
902 1420 1062 1461 annorum
1076 1396 1223 1473 fecimus,
1240 1396 1378 1472 diuidat,
1397 1405 1527 1459 centum

369 1505 429 1569 hos
451 1505 589 1589 prioreS,
618 1504 735 1587 quibus
762 1504 904 1570 Africam
927 1502 1153 1567 Macedoniam
1176 1502 1302 1585 Syriam
1329 1500 1527 1585 Hispaniam

370 1610 514 1685 domuit,
537 1630 666 1685 aureos,
690 1609 774 1672 sieut
787 1614 899 1692 poetae
920 1619 1060 1684 canunt,
1084 1608 1153 1671 iure
1176 1607 1353 1690 meritoque
1374 1607 1526 1684 fateatur,

371 1726 502 1779 centurn
518 1725 686 1796 sequentes
699 1715 815 1778 ferreos
826 1716 922 1798 plane
934 1725 968 1777 et
979 1726 1140 1791 cruentos,
1157 1724 1191 1777 et
1205 1714 1233 1777 si
1244 1712 1323 1796 quid
1338 1712 1524 1777 immanius.

371 1820 489 1904 quippe
512 1819 566 1903 qui
590 1820 793 1903 Iugurthinis
809 1820 980 1885 Cimbricis
995 1819 1224 1884 Mithridaticis
1239 1817 1383 1903 piraticis
1401 1816 1526 1882 Parthi·

371 1926 416 1990 cis
430 1926 543 2002 bellis,
561 1926 695 1989 Gallicis
712 1936 808 2009 atque
824 1926 1047 2002 Germanicis,
1064 1926 1180 2009 quibus
1196 1925 1323 1989 caelum
1337 1924 1446 2007 ipsum
1460 1924 1526 2007 glo·

369 2033 417 2095 ria
432 2032 594 2108 ascendit,
623 2031 828 2096 Gracchanas
843 2032 1085 2114 Drusianasque
1100 2033 1231 2108 caedes,
1260 2033 1302 2094 ad
1321 2031 1384 2094 hoe
1399 2028 1528 2093 senrilia

369 2138 455 2201 bella
469 2137 657 2201 miscuerint
673 2147 724 2213 et,
742 2159 782 2199 ne
798 2137 875 2219 quid
890 2137 1086 2220 turpitudini
1100 2136 1195 2213 desit,
1212 2135 1414 2220 gladiatoria.
1439 2134 1526 2198 deni·

371 2242 487 2327 quein
515 2265 548 2305 se
573 2242 642 2325 ipse
668 2263 842 2306 conuersus
863 2242 1020 2307 Marianis
1042 2253 1138 2326 atque
1160 2241 1323 2318 Sullanis,
1351 2240 1527 2306 nouissime

372 2348 507 2432 Pompei
523 2359 555 2411 et
570 2347 714 2411 Caesaris
730 2348 892 2425 manibus,
910 2348 1002 2431 quasi
1016 2370 1073 2431 per
1086 2347 1209 2411 rabiem
1223 2358 1256 2410 et
1270 2347 1414 2410 furorem
1424 2369 1526 2410 —ne·

371 2455 418 2518 fas
435 2494 470 2501 -
488 2465 588 2517 semet
602 2454 670 2538 ipse
686 2453 850 2518 lacerauit.
883 2475 965 2536 quae
977 2453 1038 2516 etsi
1053 2454 1164 2516 iuncta
1178 2453 1263 2518 inter
1278 2475 1311 2516 se
1328 2463 1407 2516 sunt
1422 2452 1529 2516 omnia

371 2571 466 2644 atque
483 2562 633 2635 confusa,
650 2572 758 2623 tamen
773 2581 836 2643 quo
851 2559 967 2623 melius
983 2570 1175 2642 appareant,
1193 2560 1291 2622 simul
1305 2571 1338 2623 et
1352 2581 1396 2622 ne
1411 2561 1528 2623 scelera

371 2666 547 2728 uirtutibus
564 2667 769 2746 obstrepant,
787 2664 959 2746 separatim
973 2665 1192 2747 proferentur,
1216 2663 1390 2748 priusque,
1407 2676 1445 2727 ut
1461 2686 1526 2727 coe

370 2771 489 2853 pimus,
505 2770 592 2833 iusta
606 2770 663 2832 illa
678 2779 710 2832 et
725 2768 779 2851 pia
792 2791 867 2831 curn
879 2770 996 2834 exteris
1007 2770 1158 2853 gentibus
1169 2771 1256 2834 bella
1265 2770 1525 2845 memorabimus,

371 2887 409 2939 ut
423 2875 613 2960 magnitudo
634 2874 804 2938 crescentis
826 2874 862 2937 in
884 2874 951 2938 dies
974 2876 1100 2960 imperii
1123 2886 1291 2960 appareat,
1316 2886 1389 2939 tum
1410 2878 1452 2940 ad
1473 2875 1527 2944 illa

372 2982 494 3045 ciuium
510 2982 628 3046 scelera
643 2992 815 3064 tmpcsquc
830 2991 862 3044 et
877 2980 993 3065 impias
1007 3003 1133 3064 pugnas
1148 2991 1357 3046 reuertemur.

607 3238 800 3301 XXXIIII.
826 3240 1011 3302 BELLVM
1028 3239 1292 3303 ASIATICVM.

263 3461 302 3517 rr,
318 3440 359 3502 20
370 3445 467 3508 Victa
482 3446 522 3507 ad
537 3463 685 3506 oceasum
701 3440 863 3524 Hispania
882 3442 1021 3524 populus
1042 3444 1209 3506 Romanus
1233 3444 1273 3505 ad
1296 3441 1455 3505 orientem
1474 3464 1526 3526 pa·

371 3572 441 3612 cem
456 3551 583 3631 agebat,
600 3570 660 3609 nec
674 3569 787 3629 pacem
802 3549 909 3622 modo,
924 3549 981 3624 sed
995 3548 1152 3611 inusitata
1166 3558 1199 3611 ct
1212 3546 1380 3631 incognita
1391 3550 1527 3631 quadam

371 3654 524 3716 felicitate
539 3654 668 3717 relictae
682 3652 778 3736 regiis
793 3652 1026 3717 hereditatibus
1042 3675 1117 3736 opes
1134 3663 1167 3716 et
1189 3664 1257 3717 tota
1278 3652 1417 3718 insemel
1431 3676 1527 3738 regna

372 3758 557 3821 ueniebant.
593 3760 723 3821 Attalus
745 3780 802 3821 rex
826 3758 1115 3841 Pergamenorum,
1143 3758 1226 3841 regis
1248 3759 1406 3823 Eumenis
1430 3760 1527 3834 filius,

373 3966 384 4014 1
400 3962 476 4015 nullo
488 3972 508 4013 Β
520 3960 529 4030 11
542 3964 558 4012 4
570 3966 663 4013 tantus
675 3972 694 4012 Β
706 3960 715 4031 11
730 3965 744 4012 5
757 3962 904 4016 haectenus
921 3974 940 4015 B
953 3962 962 4031 11
975 3960 1037 4032 pius
1054 3972 1093 4013 N:
1117 3961 1180 4031 plus
1198 3949 1239 4031 1111
1253 3964 1268 4013 6
1285 3960 1472 4031 grandiusque
1488 3972 1507 4013 Β
1518 3959 1527 4030 1

374 4051 404 4100 10
417 4047 522 4118 Syriam
534 4045 645 4115 sempsit
665 4046 777 4099 siciliam
789 4060 824 4113 N,
839 4066 880 4100 om
892 4060 911 4100 Β
924 4047 933 4117 11
946 4046 1108 4115 Hispaniam
1120 4064 1163 4098 om
1173 4058 1193 4098 Β
1206 4046 1214 4117 11
1231 4048 1260 4098 12
1280 4045 1341 4115 quit
1355 4046 1370 4098 b
1383 4045 1392 4116 11
1409 4049 1441 4099 13
1459 4046 1527 4117 pira·

370 4134 431 4187 11515
438 4139 503 4203 post
513 4131 646 4185 Parthicis
658 4144 685 4195 Β,
699 4150 740 4184 om
752 4144 777 4184 N
788 4132 796 4202 11
812 4136 842 4185 15
855 4139 885 4185 51
895 4132 947 4185 hoc
960 4144 984 4183 N
995 4132 1004 4201 11
1020 4134 1050 4183 16
1064 4130 1230 4184 1115515111Β
1243 4131 1252 4202 11
1266 4130 1378 4201 quitBN
1388 4131 1398 4201 11
1411 4131 1526 4202 turpitu-

372 4218 463 4272 dineb
483 4219 491 4289 11
514 4220 544 4269 11
564 4217 667 4270 511151115
684 4230 721 4281 Β,
743 4217 853 4287 syllanis
872 4230 897 4270 N
913 4218 921 4288 11
943 4220 974 4270 18
991 4218 1109 4270 furorem
1128 4222 1155 4269 et
1178 4216 1254 4269 nefas
1272 4215 1369 4286 111119
1387 4234 1458 4286 quae
1477 4215 1527 4269 etsi

373 4321 406 4365 ς.·
419 4305 495 4373 quasi
507 4317 535 4368 Β,
550 4320 619 4373 quae
634 4302 657 4355 si
668 4315 694 4355 N
704 4302 712 4373 11
726 4302 912 4372 interpediuut
923 4302 1014 4355 omnia
1025 4314 1044 4353 Β
1059 4300 1067 4370 11
1081 4303 1111 4352 21
1127 4301 1298 4369 proferentur
1311 4319 1345 4363 ς.·
1359 4302 1528 4370 perferentur

370 4391 432 4456 11111
446 4392 478 4441 25
491 4402 603 4444 xxxva
615 4389 624 4458 11
637 4400 798 4442 1511115111
810 4400 829 4441 a
842 4388 851 4458 11
865 4388 955 4441 261155
963 4404 1054 4440 casum
1066 4399 1086 4439 Β
1099 4387 1107 4457 11
1120 4386 1258 4458 hisspania
1268 4398 1288 4439 a
1301 4385 1310 4456 11
1323 4386 1472 4441 2815115155
1483 4386 1523 4455 51

371 4472 547 4527 ereditatibus
565 4486 584 4525 Β
596 4473 605 4544 11
619 4473 763 4527 1115511151Β
776 4473 784 4543 11
