3809 5534
363 566 404 628 68
851 582 921 625 tvm
938 582 1035 625 noar

363 734 507 797 conscius
530 733 592 797 sibi
613 732 723 816 magni
744 732 860 796 laboris
881 732 1017 795 Isaurici
1039 752 1216 815 cognomen
1239 730 1416 794 adamauit.
1451 752 1516 793 non

363 840 435 902 ideo
451 847 559 902 tamen
574 849 622 901 tot
636 838 780 900 cladibus
795 837 909 900 domiti
924 849 1008 900 terra
1021 860 1055 900 se
1069 837 1232 900 confinem
1246 847 1444 920 potuenmt3
1462 838 1517 898 sed

364 957 400 1007 nt
415 946 572 1028 quaedam
587 942 750 1018 animalia,
767 942 883 1025 quibus
895 965 1012 1025 aquam
1024 955 1201 1026 terramque
1211 943 1376 1006 incolendi
1386 941 1517 1025 gemina

363 1064 479 1115 natura
493 1061 559 1124 est,
576 1050 636 1111 sub
650 1048 720 1130 ipso
734 1047 835 1111 hostis
849 1070 976 1112 recessu
990 1048 1186 1131 inpatientes
1201 1049 1261 1112 soli
1276 1049 1312 1111 in
1327 1070 1429 1130 aquas
1445 1068 1516 1110 suas

363 1157 571 1229 resiluerunt,
589 1164 621 1216 et
636 1153 800 1236 aliquanto
815 1154 911 1217 latius
926 1175 1023 1236 quam
1036 1154 1125 1237 prius
1140 1154 1270 1217 Siciliae
1285 1176 1414 1237 quoque
1429 1153 1521 1215 litora
1537 1164 1551 1212 5

364 1273 397 1325 et
417 1259 631 1343 Campaniam
650 1269 793 1321 nostram
814 1259 920 1322 subito
947 1261 1090 1322 aduentu
1115 1270 1230 1322 terrere
1255 1260 1443 1323 uoluenmt.
1474 1257 1518 1319 sic

364 1367 452 1432 Cilix
466 1367 583 1450 dignus
597 1365 732 1429 uictoria
748 1364 881 1447 Pompei
902 1363 992 1427 uisus
1014 1375 1063 1427 est
1083 1376 1116 1427 et
1130 1365 1370 1428 Mithridaticae
1385 1362 1516 1447 prouin-

364 1474 432 1537 ciae
446 1474 549 1536 factus
565 1471 713 1535 accessio.
738 1470 794 1533 ille
809 1470 984 1551 dispersam
1000 1481 1067 1531 toto
1081 1470 1162 1533 mari
1182 1482 1306 1553 pestem
1319 1471 1421 1533 semel
1437 1468 1518 1532 etin

363 1591 551 1663 perpetuum
567 1579 680 1641 uolens
695 1577 883 1660 extinguere
897 1574 1010 1638 diuino
1025 1576 1164 1657 quodam
1179 1586 1335 1658 apparatu
1350 1578 1518 1657 adgressus

364 1697 423 1749 est.
448 1685 566 1769 quippe
581 1706 656 1746 cum
670 1682 823 1745 classibus
838 1692 871 1743 et
885 1680 951 1743 suis
966 1692 999 1742 et
1013 1680 1183 1744 socialibus
1198 1681 1402 1743 Rhodiorum
1417 1683 1516 1742 abun·
1535 1691 1548 1739 1

365 1793 474 1866 daret,
498 1790 643 1873 pluribus
663 1787 778 1871 legatis
793 1797 888 1870 atque
902 1785 1070 1868 praefectis
1084 1797 1220 1869 utraque
1236 1787 1334 1850 Ponti
1349 1798 1381 1849 et
1396 1786 1518 1850 Oceani

365 1919 421 1960 ora
436 1896 611 1977 conplexus
623 1904 681 1957 est.
706 1892 833 1957 Gellius
846 1893 951 1955 Tusco
962 1892 1042 1954 mari
1057 1892 1228 1975 inpositus,
1246 1892 1372 1955 Plotius
1389 1891 1514 1965 Siculo;

366 2000 525 2066 Gratillus
540 1999 742 2082 Ligusticum
758 1999 884 2074 sinum,
907 1996 1081 2079 Pompeius
1097 1997 1261 2060 Gallicum
1275 1998 1421 2072 obsedit,
1442 1998 1516 2059 Tor·

366 2117 481 2190 quatus
497 2106 717 2181 Balearicum,
741 2104 888 2167 Tiberius
903 2103 991 2165 Nero
1006 2102 1206 2166 Gaditanum
1222 2103 1359 2178 fretum,
1376 2124 1441 2185 qua
1455 2101 1516 2184 pri·

365 2235 455 2274 mum
469 2211 566 2274 maris
581 2212 681 2274 nostri
696 2211 796 2273 limen
812 2210 971 2292 aperitur,
989 2208 1147 2270 Lentulus
1162 2208 1338 2291 Libycum,
1356 2206 1515 2270 Marcelli·
1533 2216 1557 2267 15

365 2341 428 2381 nus
442 2316 651 2400 Aegyptium,
669 2315 804 2398 Pompei
819 2315 954 2377 iuuenes
970 2313 1213 2388 Hadriaticum3
1232 2316 1333 2378 Varro
1349 2312 1516 2376 Terentius

365 2426 531 2506 Aegaeum
537 2446 547 2496 ;
577 2432 609 2484 et
635 2421 808 2484 Ponticum
828 2430 860 2481 et
881 2419 1112 2502 Pamphylium
1137 2420 1309 2494 MetelluS,
1336 2419 1515 2482 Asiaticum

367 2528 486 2610 Caepio
498 2552 507 2601 ;
550 2526 634 2607 ipsas
670 2524 884 2608 Propontidos
920 2524 1029 2587 fauces
1068 2524 1201 2588 Porcius
1237 2526 1320 2587 Cato
1350 2524 1397 2587 sic
1428 2523 1513 2586 obdi-

367 2634 408 2697 tis
434 2632 572 2695 nauibus
598 2630 689 2714 quasi
720 2640 845 2712 portam
871 2629 1041 2693 obseramt.
1088 2630 1134 2693 sie
1155 2652 1212 2712 per
1240 2629 1344 2692 omnis
1374 2628 1517 2712 aequoris

367 2750 477 2822 portus
505 2737 595 2800 sinus
619 2737 756 2799 latebras
777 2758 917 2799 recessus
937 2733 1161 2817 promunturia
1180 2735 1261 2797 freta
1275 2756 1377 2816 paene
1399 2735 1518 2798 insulas
1533 2742 1556 2793 11

367 2843 523 2927 quidquid
542 2841 719 2922 piratarum
746 2839 809 2902 fuit
831 2842 970 2922 quadam
990 2840 1144 2923 indagine
1169 2840 1331 2914 inclusum
1363 2851 1425 2903 est.
1454 2842 1518 2923 ipse

368 2947 542 3030 Pompeius
568 2944 604 3006 in
629 2944 787 3026 originem
811 2944 996 3027 fontemque
1021 2946 1099 3009 belli
1125 2945 1294 3022 Ciliciam,
1326 2967 1388 3008 nec
1414 2948 1518 3010 hostes

368 3055 584 3116 detractauere
599 3061 770 3112 certamen.
799 3071 865 3112 non
880 3071 920 3112 ex
934 3050 1071 3126 fiducia,
1095 3053 1151 3113 sed
1166 3050 1242 3134 quia
1257 3051 1400 3133 oppressi
1417 3062 1516 3126 erant,

369 3157 438 3221 ausi
454 3155 661 3230 uidebantur3
687 3157 743 3218 sed
758 3155 842 3218 nihil
857 3166 965 3218 tamen
981 3156 1138 3239 amplius,
1161 3178 1258 3238 quam
1273 3168 1310 3219 ut
1324 3158 1367 3220 ad
1380 3157 1519 3238 primum

368 3263 469 3326 ictum
481 3271 714 3323 concurrerent.
731 3282 807 3323 mox
817 3260 874 3323 ubi
885 3261 1077 3327 circmnfirsa
1087 3261 1230 3343 undique
1242 3273 1344 3324 rostra
1355 3262 1517 3339 uiderunt,
1536 3270 1557 3323 25

369 3366 500 3431 abiectis
515 3364 624 3428 statim
641 3365 712 3428 telis
727 3365 885 3447 remisque
899 3366 1016 3447 plausu
1031 3367 1173 3448 undique
1188 3366 1275 3450 pari,
1299 3370 1386 3449 quod
1401 3368 1520 3453 suppli-

369 3473 514 3537 cantium
528 3470 658 3553 signum
672 3470 751 3546 suit,
775 3470 878 3533 uitam
891 3472 1087 3554 petiuenmt.
1112 3493 1178 3534 non
1193 3472 1257 3534 alia
1271 3483 1339 3535 tam
1353 3473 1522 3537 incruenta

368 3578 503 3642 uictoria
514 3576 565 3639 usi
576 3598 729 3659 umquam
744 3598 854 3639 sumus
860 3602 870 3651 ;
888 3578 944 3639 sed
960 3598 1019 3638 nec
1033 3576 1170 3639 fideliori
1181 3577 1217 3639 in
1230 3589 1408 3662 posterum.
1427 3580 1521 3663 idque

369 3692 572 3767 prospectum
598 3681 754 3765 singulari
779 3681 913 3745 oonsilio
939 3681 1046 3757 ducis,
1079 3681 1135 3763 qui
1162 3683 1362 3747 maritimum
1386 3707 1524 3769 genusa

371 3797 545 3868 conspectu
559 3786 654 3869 longe
668 3788 807 3851 remouit
821 3788 918 3851 maris
933 3797 967 3850 et
980 3786 1220 3852 mediterraneis
1236 3789 1319 3872 agris
1335 3792 1430 3872 quasi
1446 3792 1522 3856 obli·
1541 3802 1554 3851 3

371 4047 386 4096 5
400 4042 533 4095 siluerunt
543 4051 563 4092 B
576 4039 585 4110 11
597 4040 672 4108 prius
685 4040 723 4093 sic
734 4042 796 4096 illos
809 4060 917 4114 quoque
929 4049 993 4096 ante
1004 4060 1068 4095 mox
1080 4043 1194 4096 subruto
1203 4042 1286 4113 epirei
1298 4051 1381 4114 portu
1392 4058 1420 4099 N
1428 4053 1456 4100 et
1465 4047 1523 4099 sub

369 4127 458 4197 iungit
473 4144 556 4195 supra
568 4143 591 4194 p
604 4128 645 4188 61,
660 4129 692 4178 25
712 4128 808 4181 omaso
821 4129 859 4198 116
877 4135 993 4181 terraere
1010 4139 1029 4180 B
1042 4127 1050 4195 ΙΙ
1070 4128 1160 4180 uoluit
1174 4141 1199 4181 N
1210 4129 1219 4199 ll
1232 4130 1270 4182 sic
1291 4130 1359 4182 felix
1378 4138 1408 4184 et
1426 4133 1524 4201 dignus

371 4212 486 4267 uictoria
503 4211 644 4281 pompeius
656 4224 681 4263 N
691 4212 700 4281 l)
721 4212 832 4265 Slactas
844 4226 870 4265 N
887 4214 896 4284 11
913 4220 972 4265 tota
987 4225 1007 4264 N
1025 4213 1034 4281 ΙΙ
1053 4212 1251 4282 imperpetuum
1268 4227 1292 4267 N
1311 4216 1320 4287 11
1342 4218 1374 4268 10
1394 4217 1524 4269 classibus

371 4299 427 4354 suis
438 4310 463 4352 N
474 4298 482 4367 ΙΙ
495 4295 665 4351 habundaret
675 4308 695 4349 N
708 4296 717 4366 ΙΙ
732 4299 762 4348 12
776 4295 879 4367 plocius
891 4309 914 4349 Ν
926 4298 935 4367 ll
951 4301 982 4351 13
994 4298 1129 4366 gratillius
1141 4311 1172 4362 N,
1187 4299 1218 4350 P.
1228 4298 1331 4352 Atilius
1348 4302 1500 4353 Gronovius
1512 4300 1521 4370 l

371 4382 538 4452 Pomponius
550 4382 679 4434 Dukerus
692 4380 701 4449 ΙΙ
714 4380 881 4449 lugusticum
892 4394 911 4435 B
924 4382 933 4452 ΙῙ
948 4385 978 4433 15
990 4382 1103 4435 ¹libicum
1114 4396 1134 4436 N
1147 4384 1155 4453 ΙΙ
1171 4387 1202 4435 18
1214 4384 1320 4453 portius
1331 4397 1351 4437 N
1365 4386 1374 4455 11
1390 4389 1422 4437 19
1436 4386 1524 4438 obser-

372 4468 448 4520 uabit
465 4479 491 4520 N
506 4468 515 4537 11
535 4469 567 4519 20
585 4464 741 4535 peninsulas
764 4465 804 4533 Bll
824 4468 854 4517 21
870 4464 1021 4535 piraturum
1038 4469 1079 4538 Nl}
1092 4467 1226 4521 inclusum
1245 4475 1272 4520 et
1288 4480 1322 4533 B,
1343 4468 1480 4521 inclusum
1497 4474 1524 4519 et

372 4549 529 4619 oppressum
542 4559 582 4604 est
593 4565 618 4604 Ν
629 4552 637 4621 ΙΙ
652 4555 682 4604 25
696 4549 821 4604 uiderent
836 4562 856 4602 N
869 4550 878 4619 ll
891 4553 923 4603 26
942 4552 1054 4605 adiectis
1072 4565 1091 4604 Β
1104 4552 1113 4621 ss
1126 4552 1188 4604 talis
1205 4554 1292 4623 151128
1312 4571 1462 4623 numquam
1479 4567 1504 4608 N
1512 4554 1521 4622 ll

373 4633 487 4687 fideliori
499 4636 708 4689 Mommsenius:
726 4634 830 4687 fidelior
841 4647 885 4687 BN
895 4634 904 4703 11
917 4644 1054 4704 posterum
1067 4644 1172 4705 reperta
1184 4654 1251 4706 gens
1263 4638 1321 4691 ulla
1332 4645 1375 4691 est
1386 4639 1415 4691 id
1426 4652 1452 4692 N
1462 4640 1471 4708 ΙΙ
