<?xml version="1.0" encoding="UTF-8"?>
<!DOCTYPE html PUBLIC "-//W3C//DTD XHTML 1.0 Transitional//EN"
    "http://www.w3.org/TR/xhtml1/DTD/xhtml1-transitional.dtd">
<html xmlns="http://www.w3.org/1999/xhtml" xml:lang="en" lang="en">
 <head>
  <title>
</title>
<meta http-equiv="Content-Type" content="text/html;charset=utf-8" />
  <meta name='ocr-system' content='tesseract 3.04.00' />
  <meta name='ocr-capabilities' content='ocr_page ocr_carea ocr_par ocr_line ocrx_word'/>
</head>
<body>
  <div class='ocr_page' id='page_1' title='image "./iulifloriepitom00florgoog_0097.png"; bbox 0 0 3809 5534; ppageno 0'>
   <div class='ocr_carea' id='block_1_1' title="bbox 776 596 1547 682">
    <p class='ocr_par' dir='ltr' id='par_1_1' title="bbox 776 596 1547 682">
     <span class='ocr_line' id='line_1_1' title="bbox 776 596 1547 682; baseline 0.005 -23"><span class='ocrx_word' id='word_1_1' title='bbox 776 614 927 664; x_wconf 78' lang='lat' dir='ltr'><strong>armona</strong></span> <span class='ocrx_word' id='word_1_2' title='bbox 943 616 968 670; x_wconf 93' lang='lat'><strong>1,</strong></span> <span class='ocrx_word' id='word_1_3' title='bbox 986 608 1019 660; x_wconf 77' lang='lat'><strong>22</strong></span> <span class='ocrx_word' id='word_1_4' title='bbox 1038 596 1091 682; x_wconf 87' lang='lat' dir='ltr'><strong>[u,</strong></span> <span class='ocrx_word' id='word_1_5' title='bbox 1108 597 1150 681; x_wconf 83' lang='lat' dir='ltr'><strong>a].</strong></span> <span class='ocrx_word' id='word_1_6' title='bbox 1507 602 1547 663; x_wconf 82' lang='grc'><strong>39</strong></span> 
     </span>
    </p>
   </div>
   <div class='ocr_carea' id='block_1_2' title="bbox 346 762 1556 3817">
    <p class='ocr_par' dir='ltr' id='par_1_2' title="bbox 346 762 1547 1168">
     <span class='ocr_line' id='line_1_2' title="bbox 346 762 1545 850; baseline 0.008 -25"><span class='ocrx_word' id='word_1_7' title='bbox 346 762 369 825; x_wconf 87' lang='grc' dir='ltr'><em>Ι</em></span> <span class='ocrx_word' id='word_1_8' title='bbox 479 762 662 830; x_wconf 73' lang='lat' dir='ltr'><strong>Sardiniam</strong></span> <span class='ocrx_word' id='word_1_9' title='bbox 677 765 844 831; x_wconf 88' lang='lat' dir='ltr'><strong>Gracchus</strong></span> <span class='ocrx_word' id='word_1_10' title='bbox 859 766 1006 850; x_wconf 80' lang='lat' dir='ltr'><strong>arripuit.</strong></span> <span class='ocrx_word' id='word_1_11' title='bbox 1031 769 1087 830; x_wconf 90' lang='lat' dir='ltr'><strong>sed</strong></span> <span class='ocrx_word' id='word_1_12' title='bbox 1101 765 1185 829; x_wconf 89' lang='lat' dir='ltr'>nihil</span> <span class='ocrx_word' id='word_1_13' title='bbox 1199 766 1249 830; x_wconf 94' lang='lat' dir='ltr'><strong>illi</strong></span> <span class='ocrx_word' id='word_1_14' title='bbox 1262 766 1410 850; x_wconf 76' lang='lat' dir='ltr'><strong>gentium</strong></span> <span class='ocrx_word' id='word_1_15' title='bbox 1424 769 1545 846; x_wconf 85' lang='lat' dir='ltr'><strong>feritas,</strong></span> 
     </span>
     <span class='ocr_line' id='line_1_3' title="bbox 386 868 1547 960; baseline 0.007 -29"><span class='ocrx_word' id='word_1_16' title='bbox 386 868 642 954; x_wconf 89' lang='lat' dir='ltr'><strong>insanorumque</strong></span> <span class='ocrx_word' id='word_1_17' title='bbox 657 907 700 920; x_wconf 88' lang='lat'><strong>-·</strong></span> <span class='ocrx_word' id='word_1_18' title='bbox 714 893 791 936; x_wconf 91' lang='lat' dir='ltr'><strong>nam</strong></span> <span class='ocrx_word' id='word_1_19' title='bbox 805 871 851 936; x_wconf 90' lang='lat' dir='ltr'><strong>sic</strong></span> <span class='ocrx_word' id='word_1_20' title='bbox 865 882 1023 935; x_wconf 88' lang='lat' dir='ltr'><strong>uocantur</strong></span> <span class='ocrx_word' id='word_1_21' title='bbox 1039 909 1077 920; x_wconf 94' lang='lat'>—</span> <span class='ocrx_word' id='word_1_22' title='bbox 1099 871 1274 937; x_wconf 78' lang='lat' dir='ltr'><strong>inmanitas</strong></span> <span class='ocrx_word' id='word_1_23' title='bbox 1295 874 1456 939; x_wconf 87' lang='lat' dir='ltr'><strong>montium</strong></span> <span class='ocrx_word' id='word_1_24' title='bbox 1476 898 1547 960; x_wconf 92' lang='lat' dir='ltr'><strong>pro-</strong></span> 
     </span>
     <span class='ocr_line' id='line_1_4' title="bbox 385 967 1547 1065; baseline 0.008 -28"><span class='ocrx_word' id='word_1_25' title='bbox 385 974 488 1039; x_wconf 76' lang='lat' dir='ltr'><strong>fuere.</strong></span> <span class='ocrx_word' id='word_1_26' title='bbox 523 976 686 1042; x_wconf 89' lang='lat' dir='ltr'><strong>saeuitum</strong></span> <span class='ocrx_word' id='word_1_27' title='bbox 706 976 742 1041; x_wconf 93' lang='lat' dir='ltr'><strong>in</strong></span> <span class='ocrx_word' id='word_1_28' title='bbox 761 977 856 1042; x_wconf 88' lang='lat' dir='ltr'><strong>urbes</strong></span> <span class='ocrx_word' id='word_1_29' title='bbox 877 978 1053 1061; x_wconf 79' lang='lat' dir='ltr'>urbemque</span> <span class='ocrx_word' id='word_1_30' title='bbox 1073 978 1204 1043; x_wconf 89' lang='lat' dir='ltr'><strong>urbium</strong></span> <span class='ocrx_word' id='word_1_31' title='bbox 1223 967 1382 1057; x_wconf 83' lang='lat' dir='ltr'><strong>Caralim,</strong></span> <span class='ocrx_word' id='word_1_32' title='bbox 1410 994 1448 1045; x_wconf 93' lang='lat' dir='ltr'><strong>ut</strong></span> <span class='ocrx_word' id='word_1_33' title='bbox 1468 1003 1547 1065; x_wconf 82' lang='lat' dir='ltr'><strong>gens</strong></span> 
     </span>
     <span class='ocr_line' id='line_1_5' title="bbox 386 1082 1544 1168; baseline 0.005 -25"><span class='ocrx_word' id='word_1_34' title='bbox 386 1091 567 1146; x_wconf 82' lang='lat' dir='ltr'><strong>contumax</strong></span> <span class='ocrx_word' id='word_1_35' title='bbox 581 1082 721 1166; x_wconf 89' lang='lat' dir='ltr'><strong>uilisque</strong></span> <span class='ocrx_word' id='word_1_36' title='bbox 735 1083 846 1148; x_wconf 88' lang='lat' dir='ltr'><strong>mortis</strong></span> <span class='ocrx_word' id='word_1_37' title='bbox 862 1084 976 1149; x_wconf 85' lang='lat' dir='ltr'><strong>saltem</strong></span> <span class='ocrx_word' id='word_1_38' title='bbox 990 1083 1147 1148; x_wconf 91' lang='lat' dir='ltr'><strong>desiderio</strong></span> <span class='ocrx_word' id='word_1_39' title='bbox 1161 1085 1258 1168; x_wconf 80' lang='lat' dir='ltr'><strong>patrii</strong></span> <span class='ocrx_word' id='word_1_40' title='bbox 1278 1086 1338 1150; x_wconf 90' lang='lat' dir='ltr'><strong>soli</strong></span> <span class='ocrx_word' id='word_1_41' title='bbox 1353 1089 1544 1152; x_wconf 85' lang='lat' dir='ltr'><strong>domaretur.</strong></span> 
     </span>
    </p>

    <p class='ocr_par' dir='ltr' id='par_1_3' title="bbox 349 1187 1548 1698">
     <span class='ocr_line' id='line_1_6' title="bbox 349 1187 1548 1277; baseline 0.005 -28"><span class='ocrx_word' id='word_1_42' title='bbox 349 1198 364 1249; x_wconf 76' lang='lat' dir='ltr'><strong>t</strong></span> <span class='ocrx_word' id='word_1_43' title='bbox 475 1188 520 1251; x_wconf 88' lang='lat' dir='ltr'><strong>In</strong></span> <span class='ocrx_word' id='word_1_44' title='bbox 546 1187 744 1272; x_wconf 79' lang='lat' dir='ltr'><strong>Hispaniam</strong></span> <span class='ocrx_word' id='word_1_45' title='bbox 770 1189 860 1255; x_wconf 87' lang='lat' dir='ltr'><strong>missi</strong></span> <span class='ocrx_word' id='word_1_46' title='bbox 893 1190 1008 1255; x_wconf 80' lang='lat' dir='ltr'><strong>Gneus</strong></span> <span class='ocrx_word' id='word_1_47' title='bbox 1034 1203 1067 1254; x_wconf 91' lang='lat' dir='ltr'><strong>et</strong></span> <span class='ocrx_word' id='word_1_48' title='bbox 1093 1189 1231 1255; x_wconf 92' lang='lat' dir='ltr'><strong>Publius</strong></span> <span class='ocrx_word' id='word_1_49' title='bbox 1258 1191 1425 1277; x_wconf 83' lang='lat' dir='ltr'><strong>Scipiones</strong></span> <span class='ocrx_word' id='word_1_50' title='bbox 1446 1214 1548 1276; x_wconf 89' lang='lat' dir='ltr'><strong>paene</strong></span> 
     </span>
     <span class='ocr_line' id='line_1_7' title="bbox 387 1294 1548 1382; baseline 0.003 -25"><span class='ocrx_word' id='word_1_51' title='bbox 387 1303 491 1358; x_wconf 85' lang='lat' dir='ltr'><strong>totam</strong></span> <span class='ocrx_word' id='word_1_52' title='bbox 509 1295 629 1358; x_wconf 85' lang='lat' dir='ltr'><strong>Poenis</strong></span> <span class='ocrx_word' id='word_1_53' title='bbox 651 1294 851 1379; x_wconf 83' lang='lat' dir='ltr'><strong>eripuerant,</strong></span> <span class='ocrx_word' id='word_1_54' title='bbox 879 1298 935 1360; x_wconf 87' lang='lat' dir='ltr'><strong>sed</strong></span> <span class='ocrx_word' id='word_1_55' title='bbox 956 1295 1082 1361; x_wconf 90' lang='lat' dir='ltr'><strong>insidiis</strong></span> <span class='ocrx_word' id='word_1_56' title='bbox 1105 1296 1249 1360; x_wconf 85' lang='lat' dir='ltr'><strong>Punicae</strong></span> <span class='ocrx_word' id='word_1_57' title='bbox 1270 1296 1393 1361; x_wconf 84' lang='lat' dir='ltr'><strong>fraudis</strong></span> <span class='ocrx_word' id='word_1_58' title='bbox 1407 1298 1548 1382; x_wconf 84' lang='lat' dir='ltr'><strong>oppressi</strong></span> 
     </span>
     <span class='ocr_line' id='line_1_8' title="bbox 387 1400 1548 1486; baseline 0.005 -25"><span class='ocrx_word' id='word_1_59' title='bbox 387 1420 520 1464; x_wconf 88' lang='lat' dir='ltr'><strong>rursum</strong></span> <span class='ocrx_word' id='word_1_60' title='bbox 534 1400 721 1477; x_wconf 86' lang='lat' dir='ltr'><strong>amiserant,</strong></span> <span class='ocrx_word' id='word_1_61' title='bbox 736 1402 863 1485; x_wconf 82' lang='lat' dir='ltr'><strong>magnis</strong></span> <span class='ocrx_word' id='word_1_62' title='bbox 878 1402 1009 1485; x_wconf 91' lang='lat' dir='ltr'><strong>quidem</strong></span> <span class='ocrx_word' id='word_1_63' title='bbox 1022 1402 1072 1466; x_wconf 90' lang='lat' dir='ltr'><strong>illi</strong></span> <span class='ocrx_word' id='word_1_64' title='bbox 1086 1402 1216 1485; x_wconf 90' lang='lat' dir='ltr'><strong>proeliis</strong></span> <span class='ocrx_word' id='word_1_65' title='bbox 1230 1423 1305 1466; x_wconf 91' lang='lat' dir='ltr'><strong>cum</strong></span> <span class='ocrx_word' id='word_1_66' title='bbox 1321 1403 1461 1467; x_wconf 89' lang='lat' dir='ltr'><strong>Punicas</strong></span> <span class='ocrx_word' id='word_1_67' title='bbox 1473 1424 1548 1486; x_wconf 87' lang='lat' dir='ltr'><strong>opes</strong></span> 
     </span>
     <span class='ocr_line' id='line_1_9' title="bbox 387 1504 1545 1583; baseline 0.003 -15"><span class='ocrx_word' id='word_1_68' title='bbox 387 1504 592 1570; x_wconf 86' lang='lat' dir='ltr'><strong>cecidissent.</strong></span> <span class='ocrx_word' id='word_1_69' title='bbox 617 1518 666 1571; x_wconf 89' lang='lat' dir='ltr'><strong>set</strong></span> <span class='ocrx_word' id='word_1_70' title='bbox 682 1507 824 1572; x_wconf 87' lang='lat' dir='ltr'><strong>Punicae</strong></span> <span class='ocrx_word' id='word_1_71' title='bbox 839 1508 976 1573; x_wconf 86' lang='lat' dir='ltr'><strong>insidiae</strong></span> <span class='ocrx_word' id='word_1_72' title='bbox 991 1508 1128 1571; x_wconf 86' lang='lat' dir='ltr'><strong>alterum</strong></span> <span class='ocrx_word' id='word_1_73' title='bbox 1142 1509 1224 1571; x_wconf 86' lang='lat' dir='ltr'><strong>ferro</strong></span> <span class='ocrx_word' id='word_1_74' title='bbox 1239 1518 1344 1572; x_wconf 87' lang='lat' dir='ltr'><strong>castra</strong></span> <span class='ocrx_word' id='word_1_75' title='bbox 1357 1518 1545 1583; x_wconf 89' lang='lat' dir='ltr'><strong>metantem,</strong></span> 
     </span>
     <span class='ocr_line' id='line_1_10' title="bbox 387 1611 1546 1698; baseline 0.002 -24"><span class='ocrx_word' id='word_1_76' title='bbox 387 1611 541 1687; x_wconf 88' lang='lat' dir='ltr'><strong>alterum,</strong></span> <span class='ocrx_word' id='word_1_77' title='bbox 558 1633 633 1675; x_wconf 90' lang='lat' dir='ltr'><strong>cum</strong></span> <span class='ocrx_word' id='word_1_78' title='bbox 645 1611 714 1676; x_wconf 89' lang='lat' dir='ltr'><strong>uim</strong></span> <span class='ocrx_word' id='word_1_79' title='bbox 723 1614 878 1678; x_wconf 88' lang='lat' dir='ltr'><strong>euasisset</strong></span> <span class='ocrx_word' id='word_1_80' title='bbox 888 1614 924 1678; x_wconf 91' lang='lat' dir='ltr'><strong>in</strong></span> <span class='ocrx_word' id='word_1_81' title='bbox 939 1625 1072 1690; x_wconf 87' lang='lat' dir='ltr'><strong>turrem,</strong></span> <span class='ocrx_word' id='word_1_82' title='bbox 1089 1614 1232 1679; x_wconf 88' lang='lat' dir='ltr'><strong>cinctum</strong></span> <span class='ocrx_word' id='word_1_83' title='bbox 1246 1615 1369 1679; x_wconf 83' lang='lat' dir='ltr'><strong>facibus</strong></span> <span class='ocrx_word' id='word_1_84' title='bbox 1384 1635 1546 1698; x_wconf 88' lang='lat' dir='ltr'><strong>oppresse·</strong></span> 
     </span>
    </p>

    <p class='ocr_par' dir='ltr' id='par_1_4' title="bbox 346 1717 1549 2226">
     <span class='ocr_line' id='line_1_11' title="bbox 346 1717 1548 1804; baseline 0.002 -25"><span class='ocrx_word' id='word_1_85' title='bbox 346 1728 474 1781; x_wconf 82' lang='lat' dir='ltr'><strong>orant.</strong></span> <span class='ocrx_word' id='word_1_86' title='bbox 498 1717 602 1800; x_wconf 84' lang='lat' dir='ltr'><strong>igitur</strong></span> <span class='ocrx_word' id='word_1_87' title='bbox 622 1717 659 1781; x_wconf 93' lang='lat' dir='ltr'><strong>in</strong></span> <span class='ocrx_word' id='word_1_88' title='bbox 678 1718 837 1783; x_wconf 90' lang='lat' dir='ltr'><strong>ultionem</strong></span> <span class='ocrx_word' id='word_1_89' title='bbox 860 1719 961 1804; x_wconf 90' lang='lat' dir='ltr'><strong>patris</strong></span> <span class='ocrx_word' id='word_1_90' title='bbox 984 1742 1020 1782; x_wconf 89' lang='lat' dir='ltr'><strong>ac</strong></span> <span class='ocrx_word' id='word_1_91' title='bbox 1039 1720 1149 1804; x_wconf 92' lang='lat' dir='ltr'><strong>patrui</strong></span> <span class='ocrx_word' id='word_1_92' title='bbox 1168 1721 1285 1786; x_wconf 89' lang='lat' dir='ltr'><strong>missus</strong></span> <span class='ocrx_word' id='word_1_93' title='bbox 1307 1742 1382 1784; x_wconf 92' lang='lat' dir='ltr'><strong>cum</strong></span> <span class='ocrx_word' id='word_1_94' title='bbox 1405 1719 1548 1784; x_wconf 84' lang='lat' dir='ltr'><strong>exercitu</strong></span> 
     </span>
     <span class='ocr_line' id='line_1_12' title="bbox 388 1822 1548 1908; baseline 0.001 -21"><span class='ocrx_word' id='word_1_95' title='bbox 388 1822 519 1907; x_wconf 84' lang='lat' dir='ltr'><strong>Scipio,</strong></span> <span class='ocrx_word' id='word_1_96' title='bbox 548 1823 601 1886; x_wconf 90' lang='lat' dir='ltr'><strong>cui</strong></span> <span class='ocrx_word' id='word_1_97' title='bbox 615 1823 681 1887; x_wconf 91' lang='lat' dir='ltr'><strong>iam</strong></span> <span class='ocrx_word' id='word_1_98' title='bbox 695 1826 815 1908; x_wconf 82' lang='lat' dir='ltr'><strong>grande</strong></span> <span class='ocrx_word' id='word_1_99' title='bbox 830 1827 870 1889; x_wconf 92' lang='lat' dir='ltr'><strong>de</strong></span> <span class='ocrx_word' id='word_1_100' title='bbox 884 1824 995 1889; x_wconf 78' lang='lat' dir='ltr'><strong>Africa</strong></span> <span class='ocrx_word' id='word_1_101' title='bbox 1008 1847 1127 1890; x_wconf 88' lang='lat' dir='ltr'><strong>nomen</strong></span> <span class='ocrx_word' id='word_1_102' title='bbox 1142 1828 1209 1891; x_wconf 88' lang='lat' dir='ltr'><strong>fata</strong></span> <span class='ocrx_word' id='word_1_103' title='bbox 1229 1830 1454 1902; x_wconf 89' lang='lat' dir='ltr'><strong>decreuerant,</strong></span> <span class='ocrx_word' id='word_1_104' title='bbox 1481 1824 1548 1888; x_wconf 93' lang='lat' dir='ltr'><strong>bel·</strong></span> 
     </span>
     <span class='ocr_line' id='line_1_13' title="bbox 387 1928 1548 2017; baseline 0.002 -25"><span class='ocrx_word' id='word_1_105' title='bbox 387 1928 536 1997; x_wconf 87' lang='lat' dir='ltr'><strong>latricem</strong></span> <span class='ocrx_word' id='word_1_106' title='bbox 561 1928 670 2005; x_wconf 89' lang='lat' dir='ltr'><strong>illam,</strong></span> <span class='ocrx_word' id='word_1_107' title='bbox 698 1930 777 1994; x_wconf 87' lang='lat' dir='ltr'><strong>uiris</strong></span> <span class='ocrx_word' id='word_1_108' title='bbox 798 1929 957 2013; x_wconf 88' lang='lat' dir='ltr'><strong>armisque</strong></span> <span class='ocrx_word' id='word_1_109' title='bbox 982 1931 1125 1996; x_wconf 87' lang='lat' dir='ltr'><strong>nobilem</strong></span> <span class='ocrx_word' id='word_1_110' title='bbox 1150 1934 1358 2017; x_wconf 85' lang='lat' dir='ltr'><strong>Hispaniam,</strong></span> <span class='ocrx_word' id='word_1_111' title='bbox 1385 1932 1476 1996; x_wconf 90' lang='lat' dir='ltr'><strong>illam</strong></span> <span class='ocrx_word' id='word_1_112' title='bbox 1502 1954 1548 1995; x_wconf 88' lang='lat' dir='ltr'><strong>se·</strong></span> 
     </span>
     <span class='ocr_line' id='line_1_14' title="bbox 388 2034 1549 2114; baseline 0.003 -16"><span class='ocrx_word' id='word_1_113' title='bbox 388 2034 566 2098; x_wconf 90' lang='lat' dir='ltr'><strong>minarium</strong></span> <span class='ocrx_word' id='word_1_114' title='bbox 597 2034 723 2099; x_wconf 87' lang='lat' dir='ltr'><strong>hostilis</strong></span> <span class='ocrx_word' id='word_1_115' title='bbox 756 2036 933 2114; x_wconf 84' lang='lat' dir='ltr'><strong>exercitus,</strong></span> <span class='ocrx_word' id='word_1_116' title='bbox 968 2035 1059 2100; x_wconf 91' lang='lat' dir='ltr'><strong>illam</strong></span> <span class='ocrx_word' id='word_1_117' title='bbox 1084 2038 1256 2102; x_wconf 87' lang='lat' dir='ltr'><strong>Annibalis</strong></span> <span class='ocrx_word' id='word_1_118' title='bbox 1282 2038 1486 2101; x_wconf 87' lang='lat' dir='ltr'><strong>eruditricem</strong></span> <span class='ocrx_word' id='word_1_119' title='bbox 1508 2074 1549 2084; x_wconf 87' lang='lat'><strong>-·</strong></span> 
     </span>
     <span class='ocr_line' id='line_1_15' title="bbox 389 2140 1549 2226; baseline 0.001 -22"><span class='ocrx_word' id='word_1_120' title='bbox 389 2140 581 2204; x_wconf 84' lang='lat' dir='ltr'><strong>incredibile</strong></span> <span class='ocrx_word' id='word_1_121' title='bbox 601 2140 690 2204; x_wconf 91' lang='lat' dir='ltr'><strong>dictu</strong></span> <span class='ocrx_word' id='word_1_122' title='bbox 712 2179 754 2191; x_wconf 92' lang='lat'>-</span> <span class='ocrx_word' id='word_1_123' title='bbox 776 2153 878 2206; x_wconf 89' lang='lat' dir='ltr'><strong>totam</strong></span> <span class='ocrx_word' id='word_1_124' title='bbox 899 2164 919 2206; x_wconf 91' lang='lat' dir='ltr'><strong>a</strong></span> <span class='ocrx_word' id='word_1_125' title='bbox 946 2144 1120 2226; x_wconf 87' lang='lat' dir='ltr'><strong>Pyrenaeis</strong></span> <span class='ocrx_word' id='word_1_126' title='bbox 1147 2142 1311 2206; x_wconf 88' lang='lat' dir='ltr'><strong>montibus</strong></span> <span class='ocrx_word' id='word_1_127' title='bbox 1339 2143 1374 2205; x_wconf 92' lang='lat' dir='ltr'><strong>in</strong></span> <span class='ocrx_word' id='word_1_128' title='bbox 1396 2142 1549 2206; x_wconf 90' lang='lat' dir='ltr'><strong>Herculis</strong></span> 
     </span>
    </p>

    <p class='ocr_par' dir='ltr' id='par_1_5' title="bbox 346 2247 1551 2755">
     <span class='ocr_line' id='line_1_16' title="bbox 346 2247 1545 2332; baseline 0.002 -23"><span class='ocrx_word' id='word_1_129' title='bbox 346 2261 369 2310; x_wconf 70' lang='grc' dir='ltr'><em>Β</em></span> <span class='ocrx_word' id='word_1_130' title='bbox 392 2248 561 2311; x_wconf 90' lang='lat' dir='ltr'><strong>columnas</strong></span> <span class='ocrx_word' id='word_1_131' title='bbox 587 2256 621 2309; x_wconf 90' lang='lat' dir='ltr'><strong>et</strong></span> <span class='ocrx_word' id='word_1_132' title='bbox 636 2247 803 2311; x_wconf 85' lang='lat' dir='ltr'><strong>Oceanum</strong></span> <span class='ocrx_word' id='word_1_133' title='bbox 825 2248 1049 2332; x_wconf 89' lang='lat' dir='ltr'><strong>recuperauit,</strong></span> <span class='ocrx_word' id='word_1_134' title='bbox 1073 2248 1196 2313; x_wconf 87' lang='lat' dir='ltr'><strong>nescias</strong></span> <span class='ocrx_word' id='word_1_135' title='bbox 1218 2248 1314 2312; x_wconf 90' lang='lat' dir='ltr'><strong>citius</strong></span> <span class='ocrx_word' id='word_1_136' title='bbox 1341 2270 1383 2311; x_wconf 92' lang='lat' dir='ltr'><strong>an</strong></span> <span class='ocrx_word' id='word_1_137' title='bbox 1409 2248 1545 2311; x_wconf 78' lang='lat' dir='ltr'><strong>felicius.</strong></span> 
     </span>
     <span class='ocr_line' id='line_1_17' title="bbox 390 2352 1550 2438; baseline -0.001 -21"><span class='ocrx_word' id='word_1_138' title='bbox 390 2374 489 2436; x_wconf 93' lang='lat' dir='ltr'><strong>quam</strong></span> <span class='ocrx_word' id='word_1_139' title='bbox 505 2352 678 2429; x_wconf 88' lang='lat' dir='ltr'><strong>uelociter,</strong></span> <span class='ocrx_word' id='word_1_140' title='bbox 701 2363 853 2436; x_wconf 88' lang='lat' dir='ltr'><strong>quattuor</strong></span> <span class='ocrx_word' id='word_1_141' title='bbox 868 2354 946 2417; x_wconf 89' lang='lat' dir='ltr'><strong>anni</strong></span> <span class='ocrx_word' id='word_1_142' title='bbox 965 2354 1126 2430; x_wconf 84' lang='lat' dir='ltr'><strong>fatentur3</strong></span> <span class='ocrx_word' id='word_1_143' title='bbox 1151 2376 1248 2438; x_wconf 91' lang='lat' dir='ltr'><strong>quam</strong></span> <span class='ocrx_word' id='word_1_144' title='bbox 1269 2354 1382 2431; x_wconf 85' lang='lat' dir='ltr'><strong>facile,</strong></span> <span class='ocrx_word' id='word_1_145' title='bbox 1409 2355 1465 2416; x_wconf 92' lang='lat' dir='ltr'><strong>uel</strong></span> <span class='ocrx_word' id='word_1_146' title='bbox 1485 2375 1550 2416; x_wconf 91' lang='lat' dir='ltr'><strong>una</strong></span> 
     </span>
     <span class='ocr_line' id='line_1_18' title="bbox 390 2458 1547 2543; baseline -0.002 -21"><span class='ocrx_word' id='word_1_147' title='bbox 390 2458 510 2522; x_wconf 89' lang='lat' dir='ltr'><strong>ciuitas</strong></span> <span class='ocrx_word' id='word_1_148' title='bbox 535 2458 661 2542; x_wconf 89' lang='lat' dir='ltr'><strong>probat.</strong></span> <span class='ocrx_word' id='word_1_149' title='bbox 686 2461 798 2522; x_wconf 89' lang='lat' dir='ltr'><strong>eodem</strong></span> <span class='ocrx_word' id='word_1_150' title='bbox 823 2459 942 2543; x_wconf 90' lang='lat' dir='ltr'><strong>quippe</strong></span> <span class='ocrx_word' id='word_1_151' title='bbox 969 2481 1033 2541; x_wconf 91' lang='lat' dir='ltr'><strong>quo</strong></span> <span class='ocrx_word' id='word_1_152' title='bbox 1059 2461 1187 2524; x_wconf 88' lang='lat' dir='ltr'><strong>obsessa</strong></span> <span class='ocrx_word' id='word_1_153' title='bbox 1213 2471 1262 2524; x_wconf 91' lang='lat' dir='ltr'><strong>est</strong></span> <span class='ocrx_word' id='word_1_154' title='bbox 1287 2460 1340 2524; x_wconf 91' lang='lat' dir='ltr'><strong>die</strong></span> <span class='ocrx_word' id='word_1_155' title='bbox 1365 2468 1461 2542; x_wconf 90' lang='lat' dir='ltr'><strong>capta</strong></span> <span class='ocrx_word' id='word_1_156' title='bbox 1487 2470 1547 2533; x_wconf 89' lang='lat' dir='ltr'><strong>eat,</strong></span> 
     </span>
     <span class='ocr_line' id='line_1_19' title="bbox 391 2562 1551 2659; baseline -0.004 -31"><span class='ocrx_word' id='word_1_157' title='bbox 391 2585 552 2647; x_wconf 91' lang='lat' dir='ltr'><strong>omenque</strong></span> <span class='ocrx_word' id='word_1_158' title='bbox 577 2562 749 2659; x_wconf 82' lang='lat' dir='ltr'><strong>Africanae</strong></span> <span class='ocrx_word' id='word_1_159' title='bbox 775 2563 930 2627; x_wconf 90' lang='lat' dir='ltr'><strong>uictoriae</strong></span> <span class='ocrx_word' id='word_1_160' title='bbox 950 2564 1032 2640; x_wconf 84' lang='lat' dir='ltr'><strong>iuit,</strong></span> <span class='ocrx_word' id='word_1_161' title='bbox 1064 2567 1149 2647; x_wconf 93' lang='lat' dir='ltr'><strong>quod</strong></span> <span class='ocrx_word' id='word_1_162' title='bbox 1172 2577 1239 2629; x_wconf 90' lang='lat' dir='ltr'><strong>tam</strong></span> <span class='ocrx_word' id='word_1_163' title='bbox 1266 2565 1360 2629; x_wconf 82' lang='lat' dir='ltr'><strong>facile</strong></span> <span class='ocrx_word' id='word_1_164' title='bbox 1388 2563 1477 2626; x_wconf 89' lang='lat' dir='ltr'><strong>uicta</strong></span> <span class='ocrx_word' id='word_1_165' title='bbox 1503 2571 1551 2624; x_wconf 88' lang='lat' dir='ltr'><strong>est</strong></span> 
     </span>
     <span class='ocr_line' id='line_1_20' title="bbox 392 2669 1551 2755; baseline -0.003 -23"><span class='ocrx_word' id='word_1_166' title='bbox 392 2670 575 2754; x_wconf 84' lang='lat' dir='ltr'><strong>Hispaniae</strong></span> <span class='ocrx_word' id='word_1_167' title='bbox 597 2669 770 2752; x_wconf 83' lang='lat' dir='ltr'><strong>Carthago.</strong></span> <span class='ocrx_word' id='word_1_168' title='bbox 806 2681 929 2733; x_wconf 91' lang='lat' dir='ltr'><strong>certum</strong></span> <span class='ocrx_word' id='word_1_169' title='bbox 955 2681 1004 2734; x_wconf 93' lang='lat' dir='ltr'><strong>est</strong></span> <span class='ocrx_word' id='word_1_170' title='bbox 1027 2682 1135 2734; x_wconf 88' lang='lat' dir='ltr'><strong>tamen</strong></span> <span class='ocrx_word' id='word_1_171' title='bbox 1167 2671 1208 2733; x_wconf 92' lang='lat' dir='ltr'><strong>ad</strong></span> <span class='ocrx_word' id='word_1_172' title='bbox 1228 2669 1461 2755; x_wconf 84' lang='lat' dir='ltr'><strong>profligandam</strong></span> <span class='ocrx_word' id='word_1_173' title='bbox 1480 2689 1551 2752; x_wconf 89' lang='lat' dir='ltr'><strong>pro·</strong></span> 
     </span>
    </p>

    <p class='ocr_par' dir='ltr' id='par_1_6' title="bbox 346 2773 1553 3265">
     <span class='ocr_line' id='line_1_21' title="bbox 346 2773 1552 2858; baseline -0.004 -18"><span class='ocrx_word' id='word_1_174' title='bbox 346 2790 372 2840; x_wconf 81' lang='lat' dir='ltr'><strong>to</strong></span> <span class='ocrx_word' id='word_1_175' title='bbox 392 2776 538 2841; x_wconf 90' lang='lat' dir='ltr'><strong>uinciam</strong></span> <span class='ocrx_word' id='word_1_176' title='bbox 552 2774 691 2838; x_wconf 83' lang='lat' dir='ltr'><strong>maxime</strong></span> <span class='ocrx_word' id='word_1_177' title='bbox 705 2775 875 2858; x_wconf 87' lang='lat' dir='ltr'><strong>proiecisse</strong></span> <span class='ocrx_word' id='word_1_178' title='bbox 890 2776 1086 2858; x_wconf 86' lang='lat' dir='ltr'><strong>singularem</strong></span> <span class='ocrx_word' id='word_1_179' title='bbox 1097 2776 1188 2840; x_wconf 88' lang='lat' dir='ltr'><strong>ducis</strong></span> <span class='ocrx_word' id='word_1_180' title='bbox 1200 2774 1414 2839; x_wconf 86' lang='lat' dir='ltr'><strong>sanctitatem.</strong></span> <span class='ocrx_word' id='word_1_181' title='bbox 1432 2773 1552 2858; x_wconf 93' lang='lat' dir='ltr'><strong>quippe</strong></span> 
     </span>
     <span class='ocr_line' id='line_1_22' title="bbox 393 2879 1551 2966; baseline -0.003 -20"><span class='ocrx_word' id='word_1_182' title='bbox 393 2882 450 2966; x_wconf 92' lang='lat' dir='ltr'><strong>qui</strong></span> <span class='ocrx_word' id='word_1_183' title='bbox 465 2881 612 2964; x_wconf 86' lang='lat' dir='ltr'><strong>captiuos</strong></span> <span class='ocrx_word' id='word_1_184' title='bbox 627 2902 742 2964; x_wconf 88' lang='lat' dir='ltr'><strong>pueros</strong></span> <span class='ocrx_word' id='word_1_185' title='bbox 756 2881 945 2963; x_wconf 86' lang='lat' dir='ltr'><strong>puellasque</strong></span> <span class='ocrx_word' id='word_1_186' title='bbox 961 2882 1152 2964; x_wconf 85' lang='lat' dir='ltr'><strong>praecipuae</strong></span> <span class='ocrx_word' id='word_1_187' title='bbox 1174 2879 1425 2964; x_wconf 87' lang='lat' dir='ltr'><strong>pulchritudinis</strong></span> <span class='ocrx_word' id='word_1_188' title='bbox 1439 2880 1551 2943; x_wconf 89' lang='lat' dir='ltr'><strong>barba·</strong></span> 
     </span>
     <span class='ocr_line' id='line_1_23' title="bbox 392 2981 1551 3071; baseline -0.008 -19"><span class='ocrx_word' id='word_1_189' title='bbox 392 2988 436 3053; x_wconf 89' lang='lat' dir='ltr'><strong>ris</strong></span> <span class='ocrx_word' id='word_1_190' title='bbox 451 2988 654 3063; x_wconf 86' lang='lat' dir='ltr'><strong>restitueret,</strong></span> <span class='ocrx_word' id='word_1_191' title='bbox 676 3009 718 3049; x_wconf 93' lang='lat' dir='ltr'><strong>ne</strong></span> <span class='ocrx_word' id='word_1_192' title='bbox 738 2986 774 3050; x_wconf 90' lang='lat' dir='ltr'><strong>in</strong></span> <span class='ocrx_word' id='word_1_193' title='bbox 795 2998 1004 3069; x_wconf 89' lang='lat' dir='ltr'><strong>conspectum</strong></span> <span class='ocrx_word' id='word_1_194' title='bbox 1024 2986 1154 3070; x_wconf 91' lang='lat' dir='ltr'><strong>quidem</strong></span> <span class='ocrx_word' id='word_1_195' title='bbox 1177 3009 1273 3051; x_wconf 86' lang='lat' dir='ltr'><strong>suum</strong></span> <span class='ocrx_word' id='word_1_196' title='bbox 1293 3005 1407 3071; x_wconf 89' lang='lat' dir='ltr'><strong>passus</strong></span> <span class='ocrx_word' id='word_1_197' title='bbox 1422 2981 1551 3058; x_wconf 86' lang='lat' dir='ltr'><strong>adduci,</strong></span> 
     </span>
     <span class='ocr_line' id='line_1_24' title="bbox 393 3088 1553 3177; baseline -0.007 -20"><span class='ocrx_word' id='word_1_198' title='bbox 393 3093 532 3177; x_wconf 90' lang='lat' dir='ltr'><strong>nequid</strong></span> <span class='ocrx_word' id='word_1_199' title='bbox 560 3095 601 3157; x_wconf 92' lang='lat' dir='ltr'><strong>de</strong></span> <span class='ocrx_word' id='word_1_200' title='bbox 627 3091 824 3175; x_wconf 81' lang='lat' dir='ltr'><strong>uirginitatis</strong></span> <span class='ocrx_word' id='word_1_201' title='bbox 854 3092 1041 3175; x_wconf 80' lang='lat' dir='ltr'><strong>integritate</strong></span> <span class='ocrx_word' id='word_1_202' title='bbox 1068 3092 1224 3156; x_wconf 87' lang='lat' dir='ltr'><strong>delibasse</strong></span> <span class='ocrx_word' id='word_1_203' title='bbox 1246 3093 1362 3157; x_wconf 88' lang='lat' dir='ltr'><strong>saltem</strong></span> <span class='ocrx_word' id='word_1_204' title='bbox 1382 3089 1483 3153; x_wconf 93' lang='lat' dir='ltr'><strong>oculis</strong></span> <span class='ocrx_word' id='word_1_205' title='bbox 1504 3088 1553 3149; x_wconf 92' lang='lat' dir='ltr'><strong>ui-</strong></span> 
     </span>
     <span class='ocr_line' id='line_1_25' title="bbox 394 3203 1388 3265; baseline -0.002 -1"><span class='ocrx_word' id='word_1_206' title='bbox 394 3203 536 3265; x_wconf 87' lang='lat' dir='ltr'><strong>deretur.</strong></span> <span class='ocrx_word' id='word_1_207' title='bbox 1383 3254 1388 3262; x_wconf 89' lang='lat'><strong>.</strong></span> 
     </span>
    </p>

    <p class='ocr_par' dir='ltr' id='par_1_7' title="bbox 348 3302 1556 3817">
     <span class='ocr_line' id='line_1_26' title="bbox 348 3302 1556 3387; baseline -0.004 -18"><span class='ocrx_word' id='word_1_208' title='bbox 348 3318 378 3371; x_wconf 77' lang='lat' dir='ltr'><strong>tt</strong></span> <span class='ocrx_word' id='word_1_209' title='bbox 477 3304 621 3369; x_wconf 91' lang='lat' dir='ltr'><strong>Haecin</strong></span> <span class='ocrx_word' id='word_1_210' title='bbox 636 3303 764 3368; x_wconf 88' lang='lat' dir='ltr'><strong>diuersa</strong></span> <span class='ocrx_word' id='word_1_211' title='bbox 777 3314 934 3368; x_wconf 89' lang='lat' dir='ltr'><strong>terrarum</strong></span> <span class='ocrx_word' id='word_1_212' title='bbox 943 3302 1084 3387; x_wconf 90' lang='lat' dir='ltr'><strong>populus</strong></span> <span class='ocrx_word' id='word_1_213' title='bbox 1095 3304 1275 3379; x_wconf 87' lang='lat' dir='ltr'><strong>Romanus,</strong></span> <span class='ocrx_word' id='word_1_214' title='bbox 1291 3324 1352 3365; x_wconf 91' lang='lat' dir='ltr'><strong>nec</strong></span> <span class='ocrx_word' id='word_1_215' title='bbox 1363 3302 1435 3365; x_wconf 88' lang='lat' dir='ltr'><strong>ideo</strong></span> <span class='ocrx_word' id='word_1_216' title='bbox 1447 3312 1556 3364; x_wconf 88' lang='lat' dir='ltr'><strong>tamen</strong></span> 
     </span>
     <span class='ocr_line' id='line_1_27' title="bbox 396 3407 1552 3491; baseline -0.008 -15"><span class='ocrx_word' id='word_1_217' title='bbox 396 3410 575 3477; x_wconf 87' lang='lat' dir='ltr'><strong>uisceribus</strong></span> <span class='ocrx_word' id='word_1_218' title='bbox 598 3410 714 3474; x_wconf 86' lang='lat' dir='ltr'><strong>Italiae</strong></span> <span class='ocrx_word' id='word_1_219' title='bbox 735 3410 957 3473; x_wconf 87' lang='lat' dir='ltr'><strong>inhaerentem</strong></span> <span class='ocrx_word' id='word_1_220' title='bbox 977 3430 1179 3473; x_wconf 89' lang='lat' dir='ltr'><strong>summouere</strong></span> <span class='ocrx_word' id='word_1_221' title='bbox 1201 3418 1327 3491; x_wconf 89' lang='lat' dir='ltr'><strong>poterat</strong></span> <span class='ocrx_word' id='word_1_222' title='bbox 1345 3407 1552 3471; x_wconf 82' lang='lat' dir='ltr'><strong>Annibalem.</strong></span> 
     </span>
     <span class='ocr_line' id='line_1_28' title="bbox 396 3513 1555 3603; baseline -0.009 -22"><span class='ocrx_word' id='word_1_223' title='bbox 396 3520 551 3603; x_wconf 87' lang='lat' dir='ltr'><strong>pleraque</strong></span> <span class='ocrx_word' id='word_1_224' title='bbox 566 3517 607 3580; x_wconf 90' lang='lat' dir='ltr'><strong>ad</strong></span> <span class='ocrx_word' id='word_1_225' title='bbox 622 3516 748 3580; x_wconf 83' lang='lat' dir='ltr'><strong>hostem</strong></span> <span class='ocrx_word' id='word_1_226' title='bbox 762 3516 963 3590; x_wconf 87' lang='lat' dir='ltr'><strong>defecerant,</strong></span> <span class='ocrx_word' id='word_1_227' title='bbox 987 3526 1021 3579; x_wconf 90' lang='lat' dir='ltr'><strong>et</strong></span> <span class='ocrx_word' id='word_1_228' title='bbox 1042 3517 1109 3579; x_wconf 87' lang='lat' dir='ltr'><strong>dux</strong></span> <span class='ocrx_word' id='word_1_229' title='bbox 1125 3514 1296 3577; x_wconf 87' lang='lat' dir='ltr'><strong>acerrimus</strong></span> <span class='ocrx_word' id='word_1_230' title='bbox 1311 3522 1423 3575; x_wconf 90' lang='lat' dir='ltr'><strong>contra</strong></span> <span class='ocrx_word' id='word_1_231' title='bbox 1437 3513 1555 3573; x_wconf 88' lang='lat' dir='ltr'><strong>Roma-</strong></span> 
     </span>
     <span class='ocr_line' id='line_1_29' title="bbox 398 3614 1556 3705; baseline -0.011 -16"><span class='ocrx_word' id='word_1_232' title='bbox 398 3647 456 3689; x_wconf 93' lang='lat' dir='ltr'><strong>nos</strong></span> <span class='ocrx_word' id='word_1_233' title='bbox 471 3622 598 3688; x_wconf 87' lang='lat' dir='ltr'><strong>Italicis</strong></span> <span class='ocrx_word' id='word_1_234' title='bbox 613 3643 739 3705; x_wconf 89' lang='lat' dir='ltr'><strong>quoque</strong></span> <span class='ocrx_word' id='word_1_235' title='bbox 754 3620 877 3685; x_wconf 84' lang='lat' dir='ltr'><strong>uiribus</strong></span> <span class='ocrx_word' id='word_1_236' title='bbox 892 3621 1056 3683; x_wconf 85' lang='lat' dir='ltr'><strong>utebatur.</strong></span> <span class='ocrx_word' id='word_1_237' title='bbox 1083 3620 1149 3682; x_wconf 88' lang='lat' dir='ltr'><strong>iam</strong></span> <span class='ocrx_word' id='word_1_238' title='bbox 1170 3630 1278 3681; x_wconf 88' lang='lat' dir='ltr'><strong>tamen</strong></span> <span class='ocrx_word' id='word_1_239' title='bbox 1300 3639 1375 3679; x_wconf 89' lang='lat' dir='ltr'><strong>eum</strong></span> <span class='ocrx_word' id='word_1_240' title='bbox 1396 3614 1556 3698; x_wconf 88' lang='lat' dir='ltr'><strong>plerisque</strong></span> 
     </span>
     <span class='ocr_line' id='line_1_30' title="bbox 399 3720 1556 3817; baseline -0.01 -23"><span class='ocrx_word' id='word_1_241' title='bbox 399 3730 525 3817; x_wconf 88' lang='lat' dir='ltr'><strong>oppidis</strong></span> <span class='ocrx_word' id='word_1_242' title='bbox 539 3740 573 3792; x_wconf 93' lang='lat' dir='ltr'><strong>et</strong></span> <span class='ocrx_word' id='word_1_243' title='bbox 587 3727 771 3811; x_wconf 85' lang='lat' dir='ltr'><strong>regionibus</strong></span> <span class='ocrx_word' id='word_1_244' title='bbox 787 3748 1048 3800; x_wconf 87' lang='lat' dir='ltr'><strong>excusseramus,</strong></span> <span class='ocrx_word' id='word_1_245' title='bbox 1072 3725 1137 3787; x_wconf 88' lang='lat' dir='ltr'><strong>iam</strong></span> <span class='ocrx_word' id='word_1_246' title='bbox 1153 3725 1312 3786; x_wconf 89' lang='lat' dir='ltr'><strong>Tarentus</strong></span> <span class='ocrx_word' id='word_1_247' title='bbox 1327 3723 1369 3785; x_wconf 90' lang='lat' dir='ltr'><strong>ad</strong></span> <span class='ocrx_word' id='word_1_248' title='bbox 1382 3743 1441 3784; x_wconf 88' lang='lat' dir='ltr'><strong>nos</strong></span> <span class='ocrx_word' id='word_1_249' title='bbox 1456 3720 1556 3783; x_wconf 91' lang='lat' dir='ltr'><strong>redie-</strong></span> 
     </span>
    </p>
   </div>
   <div class='ocr_carea' id='block_1_3' title="bbox 402 3995 1565 4755">
    <p class='ocr_par' dir='ltr' id='par_1_8' title="bbox 402 3995 1565 4755">
     <span class='ocr_line' id='line_1_31' title="bbox 404 3995 1547 4073; baseline -0.01 -16"><span class='ocrx_word' id='word_1_250' title='bbox 404 4008 413 4057; x_wconf 93' lang='lat' dir='ltr'><strong>l</strong></span> <span class='ocrx_word' id='word_1_251' title='bbox 427 4005 477 4059; x_wconf 89' lang='lat' dir='ltr'><strong>sed</strong></span> <span class='ocrx_word' id='word_1_252' title='bbox 488 4021 531 4056; x_wconf 88' lang='lat' dir='ltr'><strong>om</strong></span> <span class='ocrx_word' id='word_1_253' title='bbox 542 4014 582 4056; x_wconf 85' lang='lat' dir='ltr'><strong>IN</strong></span> <span class='ocrx_word' id='word_1_254' title='bbox 593 4001 601 4073; x_wconf 96' lang='grc'><strong>11</strong></span> <span class='ocrx_word' id='word_1_255' title='bbox 614 4002 670 4055; x_wconf 92' lang='lat' dir='ltr'><strong>illic</strong></span> <span class='ocrx_word' id='word_1_256' title='bbox 687 4013 713 4054; x_wconf 92' lang='lat' dir='ltr'><em>N</em></span> <span class='ocrx_word' id='word_1_257' title='bbox 723 4001 732 4072; x_wconf 95' lang='grc'>1</span> <span class='ocrx_word' id='word_1_258' title='bbox 746 4005 761 4054; x_wconf 87' lang='grc'>4</span> <span class='ocrx_word' id='word_1_259' title='bbox 778 4001 860 4054; x_wconf 88' lang='lat' dir='ltr'><strong>morti</strong></span> <span class='ocrx_word' id='word_1_260' title='bbox 878 4012 902 4053; x_wconf 99' lang='lat' dir='ltr'><em>N</em></span> <span class='ocrx_word' id='word_1_261' title='bbox 913 3999 922 4070; x_wconf 97' lang='grc'><strong>11</strong></span> <span class='ocrx_word' id='word_1_262' title='bbox 935 3999 1120 4052; x_wconf 84' lang='lat' dir='ltr'><strong>dominaretur</strong></span> <span class='ocrx_word' id='word_1_263' title='bbox 1137 4008 1157 4049; x_wconf 98' lang='grc' dir='ltr'><em>Β</em></span> <span class='ocrx_word' id='word_1_264' title='bbox 1169 3996 1179 4066; x_wconf 95' lang='grc'><strong>11</strong></span> <span class='ocrx_word' id='word_1_265' title='bbox 1193 3999 1207 4048; x_wconf 85' lang='grc'>5</span> <span class='ocrx_word' id='word_1_266' title='bbox 1221 4012 1286 4049; x_wconf 89' lang='lat' dir='ltr'><strong>uero</strong></span> <span class='ocrx_word' id='word_1_267' title='bbox 1298 3995 1374 4049; x_wconf 88' lang='lat' dir='ltr'><strong>missi</strong></span> <span class='ocrx_word' id='word_1_268' title='bbox 1385 4008 1401 4048; x_wconf 86' lang='lat'><em>1</em></span> <span class='ocrx_word' id='word_1_269' title='bbox 1412 3995 1421 4065; x_wconf 95' lang='grc'><strong>11</strong></span> <span class='ocrx_word' id='word_1_270' title='bbox 1433 3995 1525 4049; x_wconf 75' lang='lat' dir='ltr'><strong>misia</strong></span> <span class='ocrx_word' id='word_1_271' title='bbox 1538 3995 1547 4064; x_wconf 95' lang='grc'><strong>11</strong></span> 
     </span>
     <span class='ocr_line' id='line_1_32' title="bbox 402 4080 1559 4159; baseline -0.01 -16"><span class='ocrx_word' id='word_1_272' title='bbox 402 4106 487 4159; x_wconf 85' lang='lat' dir='ltr'><strong>poena</strong></span> <span class='ocrx_word' id='word_1_273' title='bbox 499 4100 520 4143; x_wconf 94' lang='grc' dir='ltr'><em>Β</em></span> <span class='ocrx_word' id='word_1_274' title='bbox 532 4087 541 4158; x_wconf 93' lang='grc'>1</span> <span class='ocrx_word' id='word_1_275' title='bbox 556 4092 571 4141; x_wconf 90' lang='lat'><strong>6</strong></span> <span class='ocrx_word' id='word_1_276' title='bbox 584 4087 743 4158; x_wconf 88' lang='lat' dir='ltr'><strong>eripuerunt</strong></span> <span class='ocrx_word' id='word_1_277' title='bbox 753 4096 788 4141; x_wconf 81' lang='grc' dir='ltr'><strong>ΒΙ</strong></span> <span class='ocrx_word' id='word_1_278' title='bbox 798 4087 807 4158; x_wconf 96' lang='grc'><strong>11</strong></span> <span class='ocrx_word' id='word_1_279' title='bbox 820 4086 935 4140; x_wconf 86' lang='lat' dir='ltr'><strong>insidiae</strong></span> <span class='ocrx_word' id='word_1_280' title='bbox 949 4098 969 4137; x_wconf 91' lang='grc' dir='ltr'><em>Β</em></span> <span class='ocrx_word' id='word_1_281' title='bbox 981 4085 990 4155; x_wconf 94' lang='grc'><strong>11</strong></span> <span class='ocrx_word' id='word_1_282' title='bbox 1003 4083 1087 4137; x_wconf 76' lang='lat' dir='ltr'><strong>fredis</strong></span> <span class='ocrx_word' id='word_1_283' title='bbox 1098 4095 1117 4135; x_wconf 91' lang='grc' dir='ltr'><em>Β</em></span> <span class='ocrx_word' id='word_1_284' title='bbox 1130 4082 1139 4151; x_wconf 94' lang='grc'>1</span> <span class='ocrx_word' id='word_1_285' title='bbox 1153 4086 1167 4134; x_wconf 85' lang='lat' dir='ltr'><strong>&#39;l</strong></span> <span class='ocrx_word' id='word_1_286' title='bbox 1180 4082 1354 4135; x_wconf 87' lang='lat' dir='ltr'><strong>ammiserant</strong></span> <span class='ocrx_word' id='word_1_287' title='bbox 1370 4093 1390 4134; x_wconf 86' lang='grc' dir='ltr'><em>Β</em></span> <span class='ocrx_word' id='word_1_288' title='bbox 1402 4081 1412 4150; x_wconf 91' lang='grc'>1</span> <span class='ocrx_word' id='word_1_289' title='bbox 1425 4081 1478 4133; x_wconf 87' lang='lat' dir='ltr'><strong>illis</strong></span> <span class='ocrx_word' id='word_1_290' title='bbox 1490 4091 1509 4132; x_wconf 92' lang='grc' dir='ltr'><em>Β</em></span> <span class='ocrx_word' id='word_1_291' title='bbox 1521 4080 1530 4148; x_wconf 95' lang='grc' dir='ltr'>1Ι</span> <span class='ocrx_word' id='word_1_292' title='bbox 1543 4081 1559 4129; x_wconf 85' lang='grc'>9</span> 
     </span>
     <span class='ocr_line' id='line_1_33' title="bbox 405 4163 1561 4245; baseline -0.011 -16"><span class='ocrx_word' id='word_1_293' title='bbox 405 4175 459 4229; x_wconf 87' lang='lat' dir='ltr'><strong>uim</strong></span> <span class='ocrx_word' id='word_1_294' title='bbox 471 4192 516 4228; x_wconf 85' lang='lat' dir='ltr'><strong>om</strong></span> <span class='ocrx_word' id='word_1_295' title='bbox 526 4174 586 4245; x_wconf 79' lang='grc' dir='ltr'><strong>ΙΒ1</strong></span> <span class='ocrx_word' id='word_1_296' title='bbox 599 4180 790 4244; x_wconf 88' lang='lat' dir='ltr'><strong>oppresserunt</strong></span> <span class='ocrx_word' id='word_1_297' title='bbox 800 4184 839 4225; x_wconf 93' lang='lat' dir='ltr'><strong>1N</strong></span> <span class='ocrx_word' id='word_1_298' title='bbox 850 4172 858 4241; x_wconf 94' lang='grc'><strong>11</strong></span> <span class='ocrx_word' id='word_1_299' title='bbox 880 4175 910 4224; x_wconf 88' lang='grc'>10</span> <span class='ocrx_word' id='word_1_300' title='bbox 928 4177 1036 4242; x_wconf 88' lang='lat' dir='ltr'><strong>patrum</strong></span> <span class='ocrx_word' id='word_1_301' title='bbox 1052 4181 1071 4221; x_wconf 88' lang='grc' dir='ltr'><em>Β</em></span> <span class='ocrx_word' id='word_1_302' title='bbox 1085 4167 1093 4237; x_wconf 92' lang='grc'>1</span> <span class='ocrx_word' id='word_1_303' title='bbox 1117 4170 1145 4220; x_wconf 90' lang='grc'><strong>11</strong></span> <span class='ocrx_word' id='word_1_304' title='bbox 1165 4173 1221 4220; x_wconf 91' lang='lat' dir='ltr'><strong>tam</strong></span> <span class='ocrx_word' id='word_1_305' title='bbox 1239 4180 1265 4220; x_wconf 89' lang='lat' dir='ltr'><em>N</em></span> <span class='ocrx_word' id='word_1_306' title='bbox 1281 4167 1290 4237; x_wconf 95' lang='grc'><strong>11</strong></span> <span class='ocrx_word' id='word_1_307' title='bbox 1308 4183 1407 4220; x_wconf 90' lang='lat' dir='ltr'><strong>nomen</strong></span> <span class='ocrx_word' id='word_1_308' title='bbox 1427 4166 1461 4218; x_wconf 90' lang='lat' dir='ltr'><strong>de</strong></span> <span class='ocrx_word' id='word_1_309' title='bbox 1480 4163 1561 4217; x_wconf 85' lang='lat' dir='ltr'><strong>africa</strong></span> 
     </span>
     <span class='ocr_line' id='line_1_34' title="bbox 403 4248 1549 4331; baseline -0.01 -19"><span class='ocrx_word' id='word_1_310' title='bbox 403 4272 417 4312; x_wconf 82' lang='lat' dir='ltr'><strong>r</strong></span> <span class='ocrx_word' id='word_1_311' title='bbox 432 4260 441 4331; x_wconf 92' lang='grc'><strong>11</strong></span> <span class='ocrx_word' id='word_1_312' title='bbox 462 4263 492 4313; x_wconf 86' lang='grc'>13</span> <span class='ocrx_word' id='word_1_313' title='bbox 506 4258 642 4314; x_wconf 86' lang='lat' dir='ltr'><strong>exercitus</strong></span> <span class='ocrx_word' id='word_1_314' title='bbox 655 4258 728 4311; x_wconf 86' lang='lat' dir='ltr'><strong>illam</strong></span> <span class='ocrx_word' id='word_1_315' title='bbox 739 4258 793 4311; x_wconf 89' lang='lat' dir='ltr'><strong>iam</strong></span> <span class='ocrx_word' id='word_1_316' title='bbox 806 4256 939 4311; x_wconf 86' lang='lat' dir='ltr'><strong>annibalis</strong></span> <span class='ocrx_word' id='word_1_317' title='bbox 957 4268 986 4318; x_wconf 86' lang='lat'><strong>1,</strong></span> <span class='ocrx_word' id='word_1_318' title='bbox 1010 4253 1144 4308; x_wconf 86' lang='lat' dir='ltr'><strong>exercitus</strong></span> <span class='ocrx_word' id='word_1_319' title='bbox 1162 4252 1255 4322; x_wconf 89' lang='lat' dir='ltr'><strong>pusilli</strong></span> <span class='ocrx_word' id='word_1_320' title='bbox 1278 4253 1332 4306; x_wconf 91' lang='lat' dir='ltr'><strong>iam</strong></span> <span class='ocrx_word' id='word_1_321' title='bbox 1344 4248 1497 4305; x_wconf 89' lang='lat' dir='ltr'><strong>hannibalis</strong></span> <span class='ocrx_word' id='word_1_322' title='bbox 1508 4259 1528 4299; x_wconf 91' lang='grc' dir='ltr'><em>Β</em></span> <span class='ocrx_word' id='word_1_323' title='bbox 1540 4252 1549 4318; x_wconf 89' lang='grc'>1</span> 
     </span>
     <span class='ocr_line' id='line_1_35' title="bbox 407 4331 1564 4415; baseline -0.011 -18"><span class='ocrx_word' id='word_1_324' title='bbox 407 4348 438 4399; x_wconf 74' lang='grc'>14</span> <span class='ocrx_word' id='word_1_325' title='bbox 450 4346 555 4400; x_wconf 89' lang='lat' dir='ltr'><strong>dictum</strong></span> <span class='ocrx_word' id='word_1_326' title='bbox 566 4344 611 4415; x_wconf 69' lang='lat' dir='ltr'><strong>Nl!</strong></span> <span class='ocrx_word' id='word_1_327' title='bbox 623 4343 743 4414; x_wconf 75' lang='lat' dir='ltr'><strong>pyrineis</strong></span> <span class='ocrx_word' id='word_1_328' title='bbox 761 4355 781 4396; x_wconf 92' lang='grc' dir='ltr'><em>Β</em></span> <span class='ocrx_word' id='word_1_329' title='bbox 794 4343 803 4413; x_wconf 96' lang='grc'><strong>11</strong></span> <span class='ocrx_word' id='word_1_330' title='bbox 816 4342 912 4396; x_wconf 86' lang='lat' dir='ltr'><strong>arculis</strong></span> <span class='ocrx_word' id='word_1_331' title='bbox 931 4342 969 4411; x_wconf 70' lang='grc'>61</span> <span class='ocrx_word' id='word_1_332' title='bbox 991 4344 1020 4393; x_wconf 83' lang='grc'><strong>11</strong></span> <span class='ocrx_word' id='word_1_333' title='bbox 1039 4339 1134 4393; x_wconf 87' lang='lat' dir='ltr'><strong>eodem</strong></span> <span class='ocrx_word' id='word_1_334' title='bbox 1152 4337 1289 4409; x_wconf 76' lang='lat' dir='ltr'><strong>quidemr</strong></span> <span class='ocrx_word' id='word_1_335' title='bbox 1306 4337 1315 4406; x_wconf 93' lang='grc'><strong>11</strong></span> <span class='ocrx_word' id='word_1_336' title='bbox 1334 4351 1443 4406; x_wconf 89' lang='lat' dir='ltr'><strong>opsessa</strong></span> <span class='ocrx_word' id='word_1_337' title='bbox 1459 4343 1484 4385; x_wconf 90' lang='lat' dir='ltr'><em>N</em></span> <span class='ocrx_word' id='word_1_338' title='bbox 1499 4331 1509 4402; x_wconf 87' lang='grc'><strong>11</strong></span> <span class='ocrx_word' id='word_1_339' title='bbox 1522 4339 1564 4385; x_wconf 90' lang='lat' dir='ltr'><strong>est</strong></span> 
     </span>
     <span class='ocr_line' id='line_1_36' title="bbox 406 4416 1565 4501; baseline -0.014 -16"><span class='ocrx_word' id='word_1_340' title='bbox 406 4430 501 4485; x_wconf 91' lang='lat' dir='ltr'><strong>eodem</strong></span> <span class='ocrx_word' id='word_1_341' title='bbox 513 4428 605 4500; x_wconf 65' lang='grc'>(110111</span> <span class='ocrx_word' id='word_1_342' title='bbox 621 4431 652 4482; x_wconf 81' lang='grc'>18</span> <span class='ocrx_word' id='word_1_343' title='bbox 663 4444 818 4501; x_wconf 88' lang='lat' dir='ltr'><strong>nomenque</strong></span> <span class='ocrx_word' id='word_1_344' title='bbox 827 4440 848 4482; x_wconf 95' lang='grc' dir='ltr'><em>Β</em></span> <span class='ocrx_word' id='word_1_345' title='bbox 861 4428 870 4499; x_wconf 87' lang='grc'><strong>11</strong></span> <span class='ocrx_word' id='word_1_346' title='bbox 893 4430 924 4479; x_wconf 85' lang='grc'>19</span> <span class='ocrx_word' id='word_1_347' title='bbox 937 4426 1052 4496; x_wconf 88' lang='lat' dir='ltr'><strong>hispana</strong></span> <span class='ocrx_word' id='word_1_348' title='bbox 1062 4435 1087 4477; x_wconf 94' lang='lat' dir='ltr'><em>N</em></span> <span class='ocrx_word' id='word_1_349' title='bbox 1102 4422 1112 4494; x_wconf 91' lang='grc'>1</span> <span class='ocrx_word' id='word_1_350' title='bbox 1125 4426 1158 4477; x_wconf 87' lang='grc'><strong>20</strong></span> <span class='ocrx_word' id='word_1_351' title='bbox 1171 4422 1304 4477; x_wconf 79' lang='lat' dir='ltr'><strong>maximae</strong></span> <span class='ocrx_word' id='word_1_352' title='bbox 1314 4433 1334 4474; x_wconf 91' lang='grc' dir='ltr'><em>Β</em></span> <span class='ocrx_word' id='word_1_353' title='bbox 1347 4421 1356 4490; x_wconf 90' lang='grc'>1</span> <span class='ocrx_word' id='word_1_354' title='bbox 1369 4422 1402 4473; x_wconf 87' lang='grc'><strong>22</strong></span> <span class='ocrx_word' id='word_1_355' title='bbox 1414 4416 1565 4472; x_wconf 90' lang='lat' dir='ltr'><strong>restituerit</strong></span> 
     </span>
     <span class='ocr_line' id='line_1_37' title="bbox 405 4503 1551 4587; baseline -0.013 -17"><span class='ocrx_word' id='word_1_356' title='bbox 405 4528 442 4570; x_wconf 81' lang='lat' dir='ltr'><strong>IN</strong></span> <span class='ocrx_word' id='word_1_357' title='bbox 461 4516 470 4587; x_wconf 94' lang='grc'><strong>11</strong></span> <span class='ocrx_word' id='word_1_358' title='bbox 489 4519 522 4569; x_wconf 86' lang='grc'><strong>23</strong></span> <span class='ocrx_word' id='word_1_359' title='bbox 536 4515 598 4586; x_wconf 90' lang='lat' dir='ltr'><strong>quit</strong></span> <span class='ocrx_word' id='word_1_360' title='bbox 607 4528 627 4569; x_wconf 92' lang='grc' dir='ltr'><em>Β</em></span> <span class='ocrx_word' id='word_1_361' title='bbox 640 4514 648 4585; x_wconf 98' lang='grc'><strong>11</strong></span> <span class='ocrx_word' id='word_1_362' title='bbox 662 4513 757 4567; x_wconf 85' lang='lat' dir='ltr'><strong>saltem</strong></span> <span class='ocrx_word' id='word_1_363' title='bbox 769 4514 814 4567; x_wconf 88' lang='lat' dir='ltr'><strong>uel</strong></span> <span class='ocrx_word' id='word_1_364' title='bbox 827 4512 913 4566; x_wconf 89' lang='lat' dir='ltr'><strong>oculis</strong></span> <span class='ocrx_word' id='word_1_365' title='bbox 921 4523 964 4566; x_wconf 59' lang='lat' dir='ltr'><strong>,IN</strong></span> <span class='ocrx_word' id='word_1_366' title='bbox 974 4512 983 4582; x_wconf 97' lang='grc'><strong>11</strong></span> <span class='ocrx_word' id='word_1_367' title='bbox 997 4515 1027 4564; x_wconf 87' lang='grc'><strong>25</strong></span> <span class='ocrx_word' id='word_1_368' title='bbox 1041 4511 1112 4565; x_wconf 86' lang='lat' dir='ltr'><strong>inter</strong></span> <span class='ocrx_word' id='word_1_369' title='bbox 1122 4522 1148 4563; x_wconf 91' lang='lat' dir='ltr'><em>N</em></span> <span class='ocrx_word' id='word_1_370' title='bbox 1158 4511 1167 4580; x_wconf 93' lang='grc'><strong>11</strong></span> <span class='ocrx_word' id='word_1_371' title='bbox 1180 4507 1297 4579; x_wconf 90' lang='lat' dir='ltr'><strong>populus</strong></span> <span class='ocrx_word' id='word_1_372' title='bbox 1314 4522 1440 4559; x_wconf 91' lang='lat' dir='ltr'><strong>romanus</strong></span> <span class='ocrx_word' id='word_1_373' title='bbox 1453 4521 1495 4556; x_wconf 90' lang='lat' dir='ltr'><strong>om</strong></span> <span class='ocrx_word' id='word_1_374' title='bbox 1507 4503 1551 4571; x_wconf 74' lang='lat' dir='ltr'><strong>Nl</strong></span> 
     </span>
     <span class='ocr_line' id='line_1_38' title="bbox 409 4590 1553 4670; baseline -0.012 -14"><span class='ocrx_word' id='word_1_375' title='bbox 409 4605 440 4657; x_wconf 78' lang='grc'><strong>26</strong></span> <span class='ocrx_word' id='word_1_376' title='bbox 458 4601 550 4656; x_wconf 83' lang='lat' dir='ltr'><strong>italiae</strong></span> <span class='ocrx_word' id='word_1_377' title='bbox 569 4599 718 4653; x_wconf 76' lang='lat' dir='ltr'><strong>maneribus</strong></span> <span class='ocrx_word' id='word_1_378' title='bbox 741 4599 786 4670; x_wconf 69' lang='lat' dir='ltr'><strong>Nl</strong></span> <span class='ocrx_word' id='word_1_379' title='bbox 800 4602 831 4651; x_wconf 85' lang='grc'><strong>29</strong></span> <span class='ocrx_word' id='word_1_380' title='bbox 850 4614 992 4652; x_wconf 83' lang='lat' dir='ltr'><strong>excussere</strong></span> <span class='ocrx_word' id='word_1_381' title='bbox 1009 4595 1115 4649; x_wconf 90' lang='lat' dir='ltr'><strong>romani</strong></span> <span class='ocrx_word' id='word_1_382' title='bbox 1132 4596 1186 4648; x_wconf 92' lang='lat' dir='ltr'><strong>iam</strong></span> <span class='ocrx_word' id='word_1_383' title='bbox 1205 4597 1340 4646; x_wconf 87' lang='lat' dir='ltr'><strong>tarentum</strong></span> <span class='ocrx_word' id='word_1_384' title='bbox 1361 4590 1553 4657; x_wconf 70' lang='lat' dir='ltr'><strong>retulerantll</strong></span> 
     </span>
     <span class='ocr_line' id='line_1_39' title="bbox 410 4683 904 4755; baseline -0.006 -16"><span class='ocrx_word' id='word_1_385' title='bbox 410 4687 481 4741; x_wconf 91' lang='lat' dir='ltr'><strong>idem</strong></span> <span class='ocrx_word' id='word_1_386' title='bbox 493 4685 647 4741; x_wconf 89' lang='lat' dir='ltr'><strong>tarentinus</strong></span> <span class='ocrx_word' id='word_1_387' title='bbox 659 4696 683 4737; x_wconf 99' lang='lat' dir='ltr'><em>N</em></span> <span class='ocrx_word' id='word_1_388' title='bbox 694 4684 703 4755; x_wconf 97' lang='grc'><strong>11</strong></span> <span class='ocrx_word' id='word_1_389' title='bbox 716 4690 852 4738; x_wconf 86' lang='lat' dir='ltr'><strong>tarentum</strong></span> <span class='ocrx_word' id='word_1_390' title='bbox 863 4696 883 4735; x_wconf 93' lang='grc' dir='ltr'><em>Β</em></span> <span class='ocrx_word' id='word_1_391' title='bbox 895 4683 904 4754; x_wconf 90' lang='grc'>1</span> 
     </span>
    </p>
   </div>
   <div class='ocr_carea' id='block_1_4' title="bbox 0 0 1927 5534">
    <p class='ocr_par' dir='ltr' id='par_1_9' title="bbox 0 0 1927 5534">
     <span class='ocr_line' id='line_1_40' title="bbox 0 0 1927 5534; baseline 0 0"><span class='ocrx_word' id='word_1_392' title='bbox 0 0 1927 5534; x_wconf 95' lang='lat' dir='ltr'><strong> </strong></span> 
     </span>
    </p>
   </div>
  </div>
 </body>
</html>
