3809 5534
417 587 457 647 22
921 603 991 646 ivm
1007 604 1105 648 rhosi

417 775 543 837 grossus
565 764 613 817 cst
642 753 807 835 captisque
834 752 1050 833 superioribus
1072 753 1156 836 iugis
1178 754 1213 815 in
1237 754 1397 817 subiectos
1420 776 1479 816 suo
1500 754 1568 816 iure
1586 755 1607 815 I

420 860 578 923 detonuit.
606 880 644 921 ea
658 880 797 940 namque
813 857 933 939 species
947 857 1011 920 fuit
1026 858 1114 922 illius
1129 860 1219 936 belli,
1237 860 1330 943 quasi
1343 859 1379 921 in
1394 858 1569 941 terrigenas

417 989 434 1028 e
457 967 545 1028 caelo
568 988 604 1027 ac
628 964 768 1026 nubibus
796 964 860 1025 tela
884 963 1074 1027 iacerentur.
1101 988 1160 1028 nec
1186 965 1356 1028 incruenta
1381 975 1492 1027 tamen
1517 963 1571 1026 illa

417 1070 562 1134 uictoria.
589 1092 665 1133 nam
686 1091 854 1152 oppressus
876 1069 911 1131 in
934 1069 1010 1132 sinu
1031 1070 1125 1133 uallis
1155 1072 1235 1134 alter
1256 1071 1428 1133 consulum
1453 1068 1570 1131 Decius

417 1198 504 1239 more
520 1176 624 1259 patrio
640 1178 794 1239 deuotum
817 1174 865 1237 dis
888 1175 1037 1238 manibus
1053 1175 1171 1258 optulit
1186 1187 1302 1258 caput,
1320 1176 1571 1257 sollemnemque
1588 1186 1601 1235 5

417 1281 557 1345 familiae
573 1304 649 1345 suae
665 1281 937 1345 consecrationem
952 1282 986 1344 in
1002 1281 1155 1345 uictoriae
1170 1281 1310 1363 pretium
1323 1281 1459 1365 redegit.

674 1550 777 1612 XIII.
804 1549 988 1614 BELLVM
1005 1550 1322 1614 TARENTINVM.

361 1757 399 1818 18
419 1753 570 1835 Sequitur
584 1753 708 1815 bellum
723 1751 954 1828 Tarentinum,
979 1775 1081 1814 unum
1103 1752 1233 1835 quidem
1256 1749 1351 1813 titulo
1374 1761 1407 1813 et
1429 1752 1570 1826 nomine,

418 1868 466 1921 set
482 1857 617 1920 uictoria
637 1855 819 1939 multiplex.
844 1857 905 1919 hoc
927 1857 1014 1920 enim
1037 1860 1219 1941 Campanos
1241 1858 1365 1940 Apulos
1386 1868 1484 1941 atque
1508 1859 1569 1920 Lu-

418 1986 513 2025 canos
530 1974 561 2025 et
577 1973 673 2044 caput
687 1962 766 2024 belli
795 1962 1006 2039 Tarentinos,
1032 1963 1065 2025 id
1087 1974 1135 2026 est
1157 1973 1259 2026 totam
1282 1963 1413 2026 Italiam
1442 1974 1476 2026 et
1499 1984 1571 2025 cum
1590 1973 1615 2021 1(

417 2068 467 2131 his
484 2068 631 2131 omnibus
648 2068 827 2150 Pyrrhum,
845 2067 1056 2132 clarissimum
1074 2069 1228 2133 Graeciae
1243 2091 1370 2152 regem,
1387 2092 1455 2132 una
1470 2068 1572 2132 ueluti

416 2174 510 2236 ruina
525 2173 644 2255 pariter
658 2172 810 2249 inuoluit,
827 2183 864 2235 ut
880 2175 991 2236 eodem
1013 2186 1155 2257 tempore
1177 2185 1209 2237 et
1225 2175 1355 2237 Italiam
1370 2196 1571 2237 consumma·

417 2290 465 2341 ret
491 2290 523 2342 et
546 2278 776 2343 transmarinos
799 2278 979 2361 triumphos
1006 2280 1235 2362 auspicaretur.
1269 2282 1450 2357 Tarentus,
1475 2282 1570 2343 Lace-

417 2385 657 2448 daemoniorum
672 2406 763 2466 opus,
782 2383 948 2447 Calabriae
964 2387 1126 2468 quondam
1137 2396 1169 2447 et
1180 2386 1318 2467 Apuliae
1330 2386 1494 2468 totiusque
1511 2388 1572 2449 Lu·

417 2490 526 2552 caniae
543 2502 657 2571 caput,
675 2511 750 2551 cum
764 2490 989 2572 magnitudine
1004 2501 1037 2554 et
1051 2490 1151 2553 muris
1166 2501 1324 2573 portuque
1339 2492 1478 2568 nobilis,
1503 2502 1572 2555 tum
1592 2504 1615 2553 lt

417 2595 571 2658 mirabilis
588 2595 663 2658 situ.
695 2595 814 2678 quippe
836 2594 871 2657 in
895 2595 973 2678 ipsis
997 2596 1157 2659 Hadriani
1178 2597 1276 2660 maris
1299 2597 1446 2661 faucibus
1469 2598 1574 2681 posita

417 2702 452 2763 in
469 2701 572 2763 omnis
590 2711 708 2776 terras,
733 2701 894 2765 Histriam
914 2702 1082 2785 Illyricum
1104 2703 1226 2786 Epiron
1248 2703 1406 2767 Achaiam
1429 2704 1573 2767 Africam

419 2807 563 2869 Siciliam
578 2808 652 2869 uela
673 2806 819 2869 dimittit.
844 2806 993 2871 imminet
1007 2808 1115 2891 portui
1130 2811 1171 2871 ad
1185 2821 1391 2892 prospectum
1405 2810 1505 2873 maris
1517 2832 1571 2893 po-

418 2912 517 2975 situm
532 2911 706 2986 theatrum,
724 2913 810 2992 quod
821 2912 950 2994 quidem
963 2936 1058 2977 causa
1069 2914 1204 2978 miserae
1216 2915 1341 2977 ciuitati
1353 2915 1416 2978 fuit
1428 2917 1573 2980 omnium

417 3016 660 3080 calamitatium.
691 3017 783 3079 ludos
805 3017 886 3080 forte
905 3020 1104 3096 celebrabat,
1129 3043 1204 3083 cum
1226 3004 1463 3104 adremigantes
1487 3023 1572 3086 litori
1590 3034 1615 3083 tc

417 3124 581 3185 Romanas
598 3123 714 3186 classes
729 3122 854 3199 uident,
872 3135 968 3208 atque
983 3126 1110 3188 hostem
1123 3126 1186 3188 rati
1200 3126 1358 3203 emicant,
1376 3127 1446 3190 sine
1461 3129 1571 3191 discri-

416 3227 503 3290 mine
518 3227 688 3290 insultant.
713 3228 769 3310 qui
785 3230 871 3291 enim
901 3241 958 3293 aut
980 3233 1066 3294 unde
1087 3230 1248 3293 Romanii
1270 3253 1330 3294 nec
1345 3232 1436 3295 satis.
1462 3236 1572 3297 aderat

415 3333 483 3396 sine
499 3355 589 3395 mora
603 3335 779 3415 querellam
792 3336 896 3399 ferens
918 3336 1048 3420 legatio.
1072 3337 1157 3399 hanc
1178 3358 1304 3419 quoque
1325 3337 1418 3400 foede
1440 3361 1498 3421 per
1519 3342 1571 3403 ob·

416 3462 544 3503 scenam
560 3450 749 3523 turpemque
765 3441 855 3505 dictu
876 3442 1106 3505 contumeliam
1128 3442 1270 3517 uiolant;
1296 3452 1328 3506 et
1342 3443 1422 3506 hinc
1436 3446 1569 3509 bellum.

415 3548 471 3609 sed
492 3557 663 3628 apparatus
686 3546 865 3623 horribilis,
894 3570 968 3610 cum
990 3559 1038 3611 tot
1060 3549 1156 3612 simul
1177 3549 1289 3632 populi
1304 3570 1361 3631 pro
1385 3548 1569 3612 Tarentinis
1589 3560 1615 3609 25

416 3662 644 3736 consurgerent
660 3652 871 3733 omnibusque
891 3650 1115 3715 uehementior
1136 3656 1298 3737 Pyrrhus,
1322 3654 1379 3737 qui
1400 3654 1570 3737 semigrae-

416 3779 486 3819 cam
502 3780 542 3819 ex
557 3756 818 3821 Lacedaemoniis
834 3756 1052 3820 conditoribus
1064 3758 1230 3822 ciuitatem
1250 3759 1476 3824 uindicaturus
1500 3784 1571 3824 cum

418 3860 493 3923 totis
515 3862 637 3925 uiribus
667 3864 756 3946 Epiri
780 3861 965 3924 Thessaliae
988 3865 1197 3928 Macedoniae
1219 3865 1459 3948 incognitisque
1481 3868 1516 3930 in
1538 3868 1570 3930 id

416 4154 431 4200 3
445 4165 475 4199 ae
488 4166 529 4199 om
541 4161 560 4200 Β
573 4148 581 4217 Η
596 4152 611 4200 a
624 4149 728 4217 peregit
738 4162 757 4200 Β
771 4148 779 4217 Η
799 4152 940 4204 Snecdum
960 4159 1066 4204 etrusco
1079 4152 1151 4205 bello
1169 4160 1294 4222 exempto
1306 4170 1371 4205 mox
1391 4155 1518 4224 sequitur
1533 4162 1570 4207 ta-

414 4233 552 4286 rentinum
564 4246 579 4286 1
589 4233 598 4303 ll
612 4232 721 4301 quidem
733 4234 761 4285 in
774 4236 881 4289 nomine
893 4236 928 4306 111
942 4240 958 4288 9
971 4237 1000 4289 in
1012 4238 1133 4290 uictoriis
1145 4250 1160 4289 Ι
1171 4238 1180 4307 ll
1202 4240 1230 4289 ll
1245 4238 1279 4290 iis
1292 4238 1316 4301 ὀ,
1330 4237 1391 4291 istis
1402 4251 1427 4291 N
1439 4239 1449 4308 ll
1462 4256 1569 4309 pyrrum

414 4331 429 4370 Ι
441 4318 449 4386 ΙΙ
463 4319 626 4388 epirotarum
638 4318 759 4387 graeciae
771 4333 787 4371 Ι
803 4320 811 4389 jl
833 4325 863 4372 13
875 4328 997 4375 tarentas
1008 4336 1033 4375 N
1050 4325 1059 4394 ll
1081 4328 1111 4376 14
1124 4324 1265 4394 apulianae
1276 4335 1297 4375 Β
1315 4322 1324 4392 Η
1347 4327 1378 4377 16
1395 4326 1515 4378 mirabili
1525 4337 1544 4377 Β
1556 4323 1564 4392 l

415 4404 504 4457 adriae
515 4418 529 4457 1
539 4444 545 4468 ,
572 4403 714 4456 hadriatici
726 4416 751 4454 N
768 4402 776 4472 ll
799 4406 827 4455 17
841 4406 971 4475 hystriam
982 4420 1002 4461 Β
1015 4408 1024 4476 ll
1037 4410 1142 4479 epirum
1153 4422 1176 4461 N
1195 4409 1204 4478 ll
1227 4412 1258 4461 19
1270 4409 1357 4461 maius
1370 4410 1509 4463 theatrum
1520 4422 1544 4463 N
1554 4410 1562 4478 ll

413 4488 568 4542 theathrum
579 4503 598 4543 Β
611 4491 620 4560 ll
633 4494 665 4543 20
679 4489 861 4554 calamitatum
873 4505 896 4545 N
909 4492 918 4562 ll
930 4493 1040 4545 litorea
1053 4493 1062 4561 ll
1075 4497 1104 4545 21
1121 4493 1232 4546 classem
1244 4506 1259 4545 Ι
1270 4493 1279 4564 ll
1301 4498 1333 4546 22
1345 4501 1375 4547 et
1385 4494 1521 4549 insultant
1531 4508 1546 4547 Β
1555 4495 1564 4563 ll

415 4574 447 4623 23
461 4575 621 4641 quaerellam
633 4588 651 4627 Β
665 4576 673 4645 Η
686 4574 794 4628 foedere
802 4588 823 4628 Β
835 4577 844 4646 ll
857 4591 1030 4646 opacenamN
1042 4579 1050 4648 ll
1065 4584 1096 4631 25
1110 4579 1204 4649 populi
1216 4586 1355 4649 portarent
1367 4580 1410 4633 his
1423 4599 1565 4651 consurge·

413 4665 474 4708 rent
485 4672 510 4710 N
520 4658 528 4727 Η
547 4663 579 4710 26
593 4660 757 4714 veementior
775 4660 789 4711 b
803 4661 811 4730 ll
831 4679 927 4731 pyrrus
946 4675 980 4714 ΙΝ
994 4664 1001 4730 ll
1016 4667 1048 4714 22
1061 4664 1145 4715 totius
1157 4677 1182 4715 N
1193 4665 1201 4733 ll
1214 4664 1288 4733 eperi
1301 4665 1325 4727 ὀ,
1340 4666 1417 4735 epyri
1429 4679 1488 4720 BIN
1497 4667 1506 4736 ΙΙ
