3809 5534
850 584 1033 632 Panemo.

501 757 524 818 p
542 741 613 809 101,
633 736 672 795 26
688 730 845 797 lituorum
859 733 894 798 10
910 756 985 800 0000
1001 758 1070 800 0000
1085 736 1301 820 circumegere

538 845 608 915 108,
650 845 667 901 8
684 842 796 905 caedes
813 841 1037 925 inprobaretur
1054 841 1154 925 igitur
1169 842 1333 908 Ciceronis

538 952 610 1021 120,
632 951 668 1008 19
686 956 818 1028 1000010
833 947 914 1010 ferro
931 947 1032 1011 subiit
1047 959 1079 1010 et
1094 959 1172 1013 tunc
1187 949 1318 1032 quidem
1334 972 1388 1014 cae

538 1057 609 1127 121,
630 1055 669 1115 22
685 1061 787 1115 morte
801 1053 931 1135 grauior
947 1056 988 1117 ad
1004 1053 1038 1117 id
1052 1063 1180 1136 tempus
1195 1054 1372 1120 indomitis,

363 1160 507 1221 duorum
521 1158 587 1221 fore
601 1179 756 1221 uersuum
771 1157 912 1241 spatium
927 1161 1059 1242 explent
1074 1181 1156 1243 quae
1172 1159 1289 1225 omissa
1305 1172 1381 1225 sunt

501 1285 523 1347 p
540 1269 591 1341 28,
611 1270 651 1330 2³
669 1264 756 1328 domi
770 1265 912 1329 luctatus
928 1275 977 1330 est
993 1268 1071 1330 adeo
1086 1266 1216 1331 difficile
1231 1268 1336 1332 fuerat

671 1371 746 1434 dare
761 1369 877 1434 Italiae
892 1381 990 1454 00001
1004 1371 1055 1436 his
1071 1373 1219 1436 ducentis
1234 1373 1340 1436 annis.

365 1473 413 1536 ibi
424 1496 501 1538 0010
513 1479 599 1558 quod
610 1478 746 1539 uerbum
762 1475 849 1540 domi
862 1477 1024 1559 praecedit
1035 1477 1130 1544 00010
1145 1502 1242 1543 00000
1255 1478 1329 1554 fuit,
1347 1499 1403 1541 cur
1417 1477 1538 1543 librarii

368 1580 481 1645 oculus
498 1583 669 1658 aberraret,
685 1582 835 1665 idemque
850 1583 958 1645 locum
973 1583 1071 1648 habet
1088 1593 1196 1668 0107,
1213 1591 1230 1645 0
1247 1585 1303 1648 ubi
1320 1585 1381 1649 duo
1397 1585 1538 1650 consules

366 1698 497 1771 prepter
512 1710 648 1772 sequens
664 1690 742 1753 dues
758 1699 827 1771 etp
846 1695 916 1765 108,
936 1694 954 1751 8
978 1690 1035 1754 ubi
1049 1692 1149 1754 uerba
1170 1700 1201 1755 01
1219 1690 1319 1776 010010
1334 1688 1452 1754 insedit
1465 1712 1537 1752 esa-

365 1816 438 1858 0100
453 1805 583 1878 0100101
598 1817 735 1879 sequens
751 1803 783 1858 et
796 1795 913 1859 omissa
930 1807 1018 1860 sunt.
1042 1807 1204 1880 praeterea
1220 1796 1331 1880 paucis
1346 1796 1424 1860 locis
1440 1797 1539 1860 uerba

365 1902 526 1981 quaedam
547 1899 753 1983 neglegentia
772 1900 894 1966 librarii
917 1902 1036 1965 omissa
1057 1913 1151 1978 sunt,
1184 1903 1275 1965 cuius
1298 1903 1537 1968 excusationem

366 2006 494 2070 nullam
514 2006 624 2072 uidere
643 2006 736 2083 licet,
766 2015 937 2090 0102,15
962 2010 1048 2091 quod
1068 2008 1136 2091 epse
1157 2007 1204 2072 bis
1219 2010 1371 2093 feeer·at,·
1408 2017 1537 2087 103,10

367 2134 428 2195 qao
439 2134 539 2196 usque
550 2113 687 2187 bellum,·
708 2119 827 2189 100,17
846 2114 1112 2198 desertissimas·
1134 2120 1205 2190 11³,
1221 2121 1255 2176 17
1274 2114 1374 2195 000111
1386 2138 1448 2178 non
1463 2116 1535 2178 sibi.

368 2229 401 2281 01
416 2240 495 2282 sane
510 2217 629 2284 mirum
642 2218 744 2295 foret,
762 2218 790 2283 si
805 2221 859 2284 uel
875 2220 945 2303 ipsa
960 2220 1166 2305 neglegentia
1180 2242 1272 2286 suam
1288 2221 1451 2302 quandam
1466 2241 1537 2283 nor·

367 2346 455 2388 mam
477 2335 679 2407 sequeretur,
709 2347 728 2388 a
750 2348 814 2409 qua
835 2348 1014 2410 numquam
1035 2329 1204 2392 aberraret.
1230 2328 1269 2389 de
1291 2325 1427 2409 singulis
1443 2348 1538 2390 uoca-

339 2413 345 2422 ’
367 2429 454 2496 bulis
468 2430 522 2496 hic
537 2430 604 2497 illie
620 2430 746 2496 omissis
761 2453 828 2495 000
843 2442 892 2495 est
906 2454 964 2495 001·
979 2432 1135 2499 dicamus.

466 2537 587 2602 Omnia
611 2559 649 2601 00
679 2558 759 2620 quae
781 2543 818 2604 N
837 2537 958 2605 omittit
986 2540 1139 2622 leguntur
1159 2539 1194 2601 10
1215 2546 1263 2614 Β,
1287 2537 1322 2602 10
1344 2560 1407 2619 quo
1428 2560 1538 2602 rursus

369 2643 434 2708 0110
456 2646 574 2708 desunt
602 2665 683 2726 quae
704 2650 742 2708 N
752 2644 860 2710 hab'st.
897 2652 930 2708 et
944 2644 1085 2710 maxima
1110 2644 1240 2727 quidem
1261 2644 1379 2707 lacuna
1401 2653 1449 2705 001
1475 2625 1539 2723 qua

369 2771 505 2834 eaquae
521 2750 790 2833 anarboelicsp
808 2755 879 2826 118,
900 2755 938 2811 26
963 2772 1065 2838 usque
1086 2752 1128 2815 ad
1141 2752 1253 2814 Druso
1267 2771 1290 2832 p
1309 2754 1380 2824 110,
1400 2753 1417 2812 2
1440 2746 1538 2812 inter·

368 2866 462 2939 cepta
477 2865 554 2920 0001
562 2880 571 2931 ;
590 2876 654 2938 quo
668 2855 829 2920 10000010
846 2878 936 2920 0000
949 2856 1068 2939 pagina
1083 2856 1229 2941 incipiat,
1247 2856 1332 2919 inter
1346 2855 1539 2918 uertendum

368 2962 519 3028 librarius
534 2960 731 3028 aberrauisse
747 2961 888 3029 uidetur.
913 2963 1103 3046 plerumque
1123 2974 1233 3030 autem
1254 2962 1326 3026 hice
1340 2960 1488 3024 librarius
1504 2960 1539 3022 in

367 3090 509 3135 errorem
537 3067 689 3134 inductus
712 3079 761 3144 est
787 3068 844 3134 ubi
867 3067 954 3132 idem
976 3069 1112 3135 uerbum
1133 3068 1225 3132 breui
1247 3066 1350 3151 spatio
1371 3065 1539 3132 interiecto

367 3173 543 3258 repetitum
558 3174 707 3251 uidebat,
724 3185 762 3238 ut
776 3173 1001 3238 interiacentis
1015 3174 1190 3242 omitteret.

367 3305 389 3367 p
416 3286 668 3358 19,241001001
688 3280 858 3345 hominum
877 3290 1006 3344 tantum
1030 3302 1120 3364 agro·
1164 3290 1294 3348 tantum
1309 3299 1458 3361 agrorum
1475 3285 1505 3341 B

535 3408 609 3454 rum
623 3391 661 3449 N

411 3499 465 3571 28,
504 3499 626 3560 40000
659 3491 840 3557 libertatem
874 3514 962 3556 nunc
997 3493 1121 3576 pudici·
1164 3512 1252 3553 nune
1267 3490 1456 3573 pudicitiam
1472 3497 1501 3551 B

536 3598 616 3663 tiam
630 3602 669 3661 N

413 3713 466 3782 84,
509 3703 642 3770 lmaior
657 3727 754 3786 quam
769 3705 912 3770 uirorum
932 3716 991 3770 est.
1006 3705 1053 3768 ita
1073 3727 1120 3769 se·
1164 3700 1265 3764 maior
1285 3721 1383 3782 quam
1404 3699 1537 3764 femina·

538 3833 639 3895 quens
654 3811 759 3878 minor
774 3834 871 3895 quam
883 3812 1076 3878 feminarum
1087 3815 1125 3873 N
1208 3828 1280 3870 nun
1294 3814 1324 3870 Β

412 3926 467 3995 41,
484 3922 523 3981 25
539 3916 670 3983 annibal
707 3920 746 3981 de
786 3915 937 4002 scipionis
978 3916 1121 3983 exercitu
1165 3913 1297 3977 annibal
1311 3913 1407 3979 cessit
1426 3921 1455 3974 B

536 4023 803 4107 praedicauerunt
818 4024 875 4087 sed
896 4033 1006 4088 tamen
1029 4023 1120 4088 anni·
1354 4017 1359 4031 '

536 4130 591 4194 bal
605 4128 700 4197 cessit
714 4135 752 4194 N

413 4245 467 4321 47,
504 4238 752 4305 amaeedonum
767 4234 891 4300 uiribus
913 4234 1062 4300 thracum
1076 4235 1121 4302 fe·
1165 4230 1392 4296 macedonibus
1410 4229 1494 4292 thra-

535 4341 657 4408 1001010
671 4342 818 4408 thracum
833 4339 1004 4423 disciplina
1017 4346 1056 4407 N
1208 4361 1282 4405 cum
1297 4332 1466 4417 disciplina
1481 4339 1511 4395 B

397 4460 466 4529 107,
505 4449 647 4534 tigranis
661 4448 734 4533 paci
749 4447 856 4532 grauis
871 4446 918 4514 rei
936 4452 974 4514 N
1163 4444 1271 4529 grauis
1286 4441 1332 4504 rei
1345 4447 1375 4503 B

399 4555 730 4640 118,1510100101010
770 4552 911 4639 pretium
947 4550 1122 4623 libidinum
1165 4551 1353 4633 imperatore
1369 4545 1452 4630 petit
1468 4555 1497 4610 B

551 4683 721 4727 remanum
735 4657 907 4742 imperium
921 4657 1005 4743 petit
1019 4665 1055 4726 N
