3809 5534
860 607 931 651 lvm
947 606 1046 651 11110111

606 811 743 874 XXXI.
768 809 954 873 BELLVM
970 808 1281 873 GAETVLIOVM.

366 1019 459 1079 Haec
486 1016 527 1078 ad
556 1014 816 1097 septentrionem.
855 1016 915 1077 sub
943 1013 1122 1078 meridiano
1152 1012 1389 1076 tumultuatum
1420 1011 1521 1094 magis

367 1144 464 1204 quam
484 1121 642 1184 bellatum
663 1131 722 1184 est.
754 1122 956 1185 Musulamos
981 1130 1077 1203 atque
1098 1118 1274 1194 Gaetulos,
1299 1117 1426 1181 accolas
1450 1118 1522 1199 Syr-

367 1227 450 1291 tium
465 1228 564 1291 Cosso
579 1229 660 1290 duce
682 1227 898 1312 compescuit3
923 1228 1010 1290 unde
1033 1207 1082 1288 illi
1097 1223 1261 1289 Gaetulici
1283 1246 1406 1287 nomen
1426 1222 1523 1285 latius

367 1355 464 1416 quam
483 1316 629 1396 motoria.
653 1334 772 1417 pariter
793 1333 1005 1398 Marmaridas
1027 1342 1122 1415 atque
1146 1331 1359 1395 Garamantas
1387 1326 1559 1397 Quirinos

365 1438 560 1523 subigendos
576 1440 675 1504 dedit.
690 1440 797 1524 potuit
814 1452 846 1503 et
860 1440 916 1503 ille
927 1439 1029 1503 redire
1041 1437 1264 1514 Marmaricus,
1282 1438 1338 1500 sed
1350 1433 1526 1499 modestior

366 1546 401 1608 in
417 1546 616 1610 aestimanda
631 1545 766 1610 uictoria
780 1546 854 1609 fuit.

604 1769 760 1832 XXXII.
785 1770 970 1833 BELLVM
986 1768 1279 1832 ARMENICVM.

366 1972 418 2033 Ad
434 1968 589 2032 orientem
603 1969 676 2052 plus
691 1969 814 2053 negotii
830 1991 905 2032 cum
919 1968 1093 2033 Armeniis.
1118 1969 1183 2031 huc
1199 1969 1337 2030 alterum
1351 1987 1395 2028 ex
1410 1966 1523 2029 Caesa·

365 2076 473 2151 ribus,
490 2074 660 2157 nepotibus
676 2076 759 2152 suis,
783 2076 882 2139 misit.
915 2077 1010 2140 ambo
1024 2076 1090 2139 fato
1104 2076 1236 2149 breues,
1260 2082 1309 2136 set
1324 2072 1407 2135 alter
1421 2071 1523 2155 inglo·
1540 2081 1559 2130 N

367 2182 445 2245 rius.
481 2181 645 2245 Massiliae
667 2182 784 2265 quippe
807 2183 917 2245 morbo
932 2181 1053 2245 Lucius
1076 2180 1231 2256 soluitur,
1252 2178 1287 2240 in
1310 2177 1406 2261 Syria
1421 2176 1521 2241 Gaius

367 2311 407 2352 ex
422 2290 553 2352 uolnere
569 2288 730 2364 occubuit,
747 2310 822 2351 curn
829 2287 1017 2351 Armeniam
1031 2290 1072 2350 ad
1082 2288 1218 2351 Parthos
1234 2308 1267 2349 se
1280 2284 1521 2349 subtrahentem

367 2395 468 2458 iuius
485 2393 617 2477 recepit.
642 2394 812 2458 Armenios
830 2394 917 2457 uicto
933 2416 1008 2476 rege
1023 2393 1163 2476 Tigrane
1178 2392 1213 2455 in
1228 2392 1290 2455 hoo
1304 2413 1411 2453 unum
1428 2389 1521 2453 serui·

367 2500 445 2563 tutis
461 2522 563 2583 genus
577 2501 750 2584 Pompeius
763 2502 964 2577 adsueuerat,
982 2510 1019 2563 ut
1033 2511 1170 2563 rectores
1186 2521 1205 2562 a
1219 2498 1312 2562 nobis
1329 2496 1517 2582 acciperent.

367 2605 587 2670 intermissum
602 2629 676 2690 ergo
692 2606 742 2670 ius
758 2630 814 2690 per
829 2608 916 2670 hunc
931 2615 1154 2689 recuperatum
1169 2628 1235 2668 non
1250 2604 1442 2681 incruento,
1466 2625 1520 2666 nec
1534 2612 1556 2662 lt

364 2714 469 2775 multo
484 2723 592 2777 tamen
607 2713 792 2777 certamine.
818 2714 938 2798 quippe
960 2714 1082 2789 Dones,
1101 2734 1198 2794 quem
1220 2733 1278 2774 rex
1290 2712 1471 2794 Artagerae
1483 2727 1518 2770 ex

367 2819 497 2882 Parthis
511 2819 718 2901 praefecerat,
736 2820 887 2882 simulata
901 2817 1083 2902 proditione
1096 2821 1225 2881 adortus
1236 2817 1345 2879 uirum
1360 2816 1519 2879 intentum

366 2924 494 3000 libelln,
519 2946 615 3008 quern
629 2935 667 2988 ut
682 2925 929 2988 thensaurorum
943 2924 1082 2987 rationes
1098 2924 1319 2987 continentem
1334 2921 1406 3007 ipse
1420 2942 1519 3005 porre-

366 3040 468 3106 xerat,
486 3030 595 3094 stricto
611 3043 740 3115 repente
755 3031 838 3094 ferro
854 3030 964 3094 subiit.
989 3040 1021 3093 et
1037 3040 1115 3092 tuno
1130 3029 1261 3112 quidem
1272 3031 1393 3092 Caesar
1406 3049 1518 3092 recrea·

367 3146 419 3199 tus
435 3148 483 3199 est
499 3160 539 3199 ex
555 3138 687 3199 uulnere
703 3137 738 3199 in
757 3146 902 3219 tempus,
927 3147 1026 3205 set...
1051 3145 1192 3199 c'ctenrm
1211 3137 1366 3199 barbarus
1382 3135 1519 3217 undique
1532 3139 1556 3190 11

366 3242 484 3306 infesto
500 3242 643 3305 exercitu
659 3265 826 3328 oppressus
847 3241 955 3328 gladio
972 3252 1004 3305 et
1018 3264 1108 3326 pyra,
1125 3242 1161 3305 in
1177 3265 1274 3326 quam
1289 3264 1322 3306 se
1337 3260 1519 3326 percussum

363 3348 499 3425 inmisit,
517 3348 681 3431 superstiti
697 3348 795 3411 etiam
810 3371 897 3412 nunc
913 3348 1043 3412 Caesari
1058 3348 1223 3411 satisfecit.

367 3576 379 3625 1
394 3586 509 3625 nannvu
529 3585 711 3626 annrvmcvn
729 3589 771 3624 om
789 3570 862 3641 Ν113
880 3569 1034 3623 musolanos
1053 3582 1073 3623 Β
1090 3569 1099 3639 11
1118 3570 1233 3623 sortium
1251 3581 1277 3621 N
1294 3569 1304 3640 ΙΙ
1322 3570 1466 3623 toossode
1483 3564 1517 3634 nl

366 3656 532 3726 gaetulicum
544 3656 583 3710 eis
595 3658 677 3714 latius
693 3671 713 3712 Β
726 3659 734 3728 ΙΙ
749 3674 829 3727 quam
848 3675 891 3709 om
910 3668 933 3709 N
948 3656 958 3726 ll
977 3656 1078 3727 pariter
1095 3655 1208 3725 empti.-
1226 3661 1302 3725 patet
1318 3666 1356 3719 N,
1383 3674 1426 3707 om
1449 3667 1469 3708 Β
1485 3654 1516 3723 ll

365 3756 454 3796 xxxu
472 3756 587 3797 manvu
607 3755 864 3799 unaconannrovrr
879 3741 981 3812 (uoluit
997 3742 1211 3812 mansorem)
1234 3742 1288 3794 add
1303 3754 1323 3793 Β
1336 3740 1346 3809 ss
1359 3738 1517 3794 marmaricis

365 3838 385 3878 Β
398 3826 406 3896 ll
420 3827 517 3895 gurino
534 3839 566 3891 N,
581 3845 622 3879 om
633 3840 653 3884 Β
664 3828 750 3896 spatio
762 3828 862 3892 relicto,
878 3826 1024 3887 Quirinum
1036 3831 1114 3879 uocat
1124 3839 1147 3881 Ι.
1166 3826 1292 3880 Cornelio
1303 3826 1484 3897 Nr’pperder'us
1493 3824 1518 3877 ia

367 3910 562 3964 Schneidewin
576 3911 716 3982 Philoloqo
725 3926 742 3966 Ι
751 3932 774 3983 p
786 3917 835 3967 670
849 3914 858 3984 l
872 3917 887 3966 6
906 3910 1078 3981 subagendoa
1096 3924 1116 3967 Β
1128 3912 1138 3981 ΙΙ
1150 3914 1242 3983 potuit
1258 3925 1298 3965 N:
1316 3920 1381 3983 post
1396 3926 1418 3967 Β
1431 3914 1440 3984 l
1453 3912 1517 3965 Mar·

281 4012 285 4020 ·
365 3994 481 4048 maricae
494 4014 536 4047 om
547 4008 566 4049 Β
577 3998 662 4065 spatio
675 3999 766 4052 relicto
777 3999 787 4069 ll
800 4017 855 4051 una
867 3997 1043 4055 estimandan
1055 3997 1065 4068 ss
1079 4000 1206 4054 tmm
1218 4011 1334 4052 amaru
1346 4006 1516 4053 naunnrcut

366 4099 408 4134 om
425 4092 451 4134 N
461 4081 470 4151 ΙΙ
491 4083 522 4134 10
540 4081 583 4135 uis
600 4082 640 4153 ΒΗ
656 4087 683 4135 11
706 4084 849 4138 massiniae
867 4082 911 4153 ΝΗ
924 4082 1013 4136 lucius
1030 4100 1134 4138 mormo
1150 4096 1177 4137 N
1186 4085 1196 4154 ΙΙ
1211 4088 1241 4137 12
1259 4084 1375 4138 uulnere
1390 4097 1412 4138 Β
1425 4084 1434 4154 l
1448 4100 1517 4137 occu-

365 4166 427 4221 buit
445 4185 487 4221 om
503 4179 530 4221 Ν
548 4166 556 4238 Η
574 4169 693 4221 armenia
704 4183 724 4223 Β
736 4170 745 4240 ll
759 4170 934 4222 subtrahente
945 4181 965 4221 Β
979 4168 987 4237 ll
1003 4172 1032 4221 13
1046 4168 1074 4221 in
1090 4168 1133 4223 ius
1145 4168 1254 4238 serapti.-
1271 4169 1347 4239 ipsos
1364 4183 1399 4235 Β,
1416 4163 1462 4221 'om
1479 4180 1501 4222 N
1509 4166 1517 4236 l

365 4254 463 4323 recipit
478 4266 504 4308 N
520 4254 530 4325 11
549 4254 700 4307 armoenios
715 4268 735 4309 Β
755 4255 763 4325 ll
777 4256 865 4309 uictor
883 4254 973 4324 gentis
986 4253 1110 4323 tigranen
1121 4266 1141 4307 Β
1154 4255 1163 4324 ll
1179 4258 1209 4306 11
1228 4261 1385 4311 atsueuerat
1400 4268 1435 4319 Β,
1450 4255 1518 4307 adee-

366 4345 443 4391 uerat
460 4351 486 4392 N
503 4338 512 4409 ss
530 4340 682 4411 reciperent
699 4354 724 4394 N
735 4341 743 4412 l
765 4344 794 4393 15
813 4340 991 4409 reciperatum
1003 4351 1028 4391 N
1038 4339 1047 4410 ll
1061 4347 1173 4395 cruento
1184 4353 1208 4393 N
1220 4341 1228 4410 11
1244 4344 1274 4392 16
1294 4340 1353 4395 ulto
1365 4353 1385 4394 Β
1397 4341 1407 4410 fl
1421 4341 1518 4404 donnes

365 4435 389 4474 N
401 4423 409 4492 ll
422 4424 570 4494 Artagerae
583 4445 616 4480 ex
628 4427 736 4481 Parthis
754 4426 851 4495 aramei
858 4446 867 4477 .-
886 4433 1035 4479 artaxerses
1053 4425 1158 4495 parthis
1175 4438 1208 4489 Β,
1230 4426 1362 4479 artaxatis
1373 4438 1400 4477 N
1410 4426 1419 4496 ΙΙ
1436 4429 1465 4477 17
1477 4424 1518 4478 ad·

365 4508 460 4561 hortus
471 4522 491 4563 Β
504 4511 512 4580 ΙΙ
526 4518 617 4564 utrum
635 4525 660 4565 N
677 4512 686 4582 ll
707 4516 737 4565 19
760 4511 1034 4564 strictosarrecreatus
1047 4528 1081 4563 ex
1099 4510 1212 4562 uulnere
1229 4522 1254 4562 N
1265 4511 1273 4579 ΙΙ
1295 4513 1327 4562 20
1348 4518 1390 4565 est
1412 4512 1519 4564 uulnere

365 4604 384 4644 Β
398 4591 406 4662 ll
420 4603 461 4646 set
471 4595 583 4665 scripsi:
602 4605 629 4651 et
640 4612 667 4664 Β,
683 4618 724 4651 om
736 4611 761 4651 N
772 4598 780 4668 11
795 4599 824 4650 21
839 4596 1119 4667 percussu-summisit
1130 4608 1157 4661 B,
1171 4596 1423 4665 percussusinmisit
1434 4610 1459 4650 N
1469 4598 1477 4667 ΙΙ
1489 4598 1518 4648 21

366 4678 504 4732 etiannum
516 4694 541 4734 N
552 4682 560 4751 ΙΙ
