3809 5534
733 605 924 659 1111101111,
942 593 986 646 2³.
1005 597 1037 647 21
1056 585 1108 671 111,
1127 600 1152 649 ’1.
1172 587 1214 671 81.
1518 592 1558 650 43

394 765 472 816 tum
486 752 640 830 reddidit,
657 764 694 818 ut
709 754 835 837 legibus
851 753 978 819 uiueret
993 755 1060 820 suis
1075 766 1108 818 et
1124 755 1213 819 auita
1224 756 1371 821 libertate
1387 759 1555 823 frueretur.

393 879 483 941 quae
498 860 629 942 gaudia,
646 883 728 943 quae
740 861 985 925 uociferationes
997 862 1139 937 fuerunt,
1157 884 1232 925 cum
1247 863 1308 927 hoc
1323 863 1403 927 forte
1415 866 1447 927 N
1450 887 1557 929 emeae

393 965 431 1028 in
460 966 589 1030 theatro
615 967 910 1050 quinquennalibus
935 967 1022 1031 ludis
1049 991 1068 1031 a
1093 989 1250 1050 praecone
1275 971 1457 1034 caneretur!
1494 993 1556 1054 quo

394 1081 562 1135 certauere
578 1072 710 1156 plausui
735 1073 813 1156 quid
833 1073 996 1136 florumiu
1011 1072 1177 1137 consulem
1191 1075 1418 1157 profuderunt!
1451 1086 1484 1140 et
1498 1076 1556 1140 ite-

353 1188 371 1237 5
393 1199 469 1241 rum
494 1159 678 1262 iterumque
698 1200 887 1264 praeconem
908 1190 1051 1262 repetere
1072 1200 1184 1242 uocem
1206 1179 1296 1243 illam
1318 1180 1472 1246 iubebant
1494 1204 1558 1265 qua

396 1282 531 1348 libertas
545 1285 688 1350 Achaiae
702 1285 984 1369 pronuntiabatur,
1000 1306 1060 1347 nec
1075 1283 1168 1348 aliter
1181 1284 1239 1347 illa
1253 1287 1414 1350 consulari
1428 1299 1556 1352 senten·

397 1388 444 1451 tia
457 1411 557 1473 quam
571 1392 827 1456 modulatissimo
842 1390 950 1474 aliquo
967 1389 1119 1453 tibiarum
1140 1400 1197 1453 aut
1217 1390 1331 1455 fidium
1353 1406 1451 1457 cantu
1472 1394 1554 1458 frue-

381 1489 527 1559 bantur.

458 1737 619 1801 XXIIII.
645 1739 829 1804 BELLVM
846 1737 1237 1818 SYRIACVMREGIS
1253 1704 1493 1803 ANTIOCHI.

364 1931 385 1981 11
402 1922 624 1986 Macedoniam
639 1924 718 1987 Asia
731 1925 841 1988 statim
856 1936 889 1988 et
902 1947 1011 2008 regem
1026 1924 1216 2008 Philippum
1230 1924 1412 1988 Antiochus
1428 1924 1553 2008 excepit
1566 1940 1605 1996 11,
1620 1922 1640 1982 8

353 2017 356 2025 ’
401 2030 537 2111 quodam
550 2052 639 2106 casu,
656 2031 794 2114 quaside
800 2030 960 2094 industria
966 2030 1012 2094 sic
1024 2031 1265 2113 adgubernante
1277 2031 1451 2094 fortunaut
1458 2053 1554 2113 quem

403 2136 438 2198 ad
451 2138 586 2199 modum
602 2136 641 2199 ab
656 2136 766 2199 Africa
779 2136 815 2199 in
830 2136 1006 2212 Achaiam,
1031 2137 1077 2199 sic
1098 2139 1138 2200 ab
1153 2135 1278 2199 Achaia
1292 2135 1327 2197 in
1341 2136 1454 2199 Asiam
1469 2137 1554 2199 ultro

403 2263 430 2305 se
444 2242 694 2326 suggerentibus
710 2242 815 2306 causis
830 2242 1002 2326 imperium
1022 2243 1224 2325 procederet,
1248 2252 1281 2303 et
1301 2262 1376 2303 cum
1397 2253 1553 2304 terrarum

401 2348 481 2412 orbis
496 2348 565 2411 situ
578 2348 648 2431 ipse
663 2349 741 2411 ordo
756 2348 966 2411 uictoriarum
980 2348 1160 2432 nauigaret.
1185 2370 1252 2411 non
1267 2347 1356 2410 aliud
1370 2346 1552 2410 formidolo-

366 2461 387 2513 15
401 2454 461 2518 sius
477 2455 566 2517 fama
579 2454 702 2517 bellum
716 2453 779 2516 fuit
787 2478 797 2529 ;
820 2454 940 2539 quippe
955 2477 1030 2518 cum
1045 2457 1159 2518 Persas
1175 2465 1208 2516 et
1222 2454 1394 2530 orientem,
1420 2455 1552 2516 Xerxen

401 2562 501 2643 adque
516 2559 656 2623 Darium
670 2559 861 2643 cogitarent,
879 2562 1007 2642 quando
1022 2561 1156 2643 perfossi
1171 2559 1255 2622 inuii
1268 2571 1406 2635 montes,
1424 2560 1552 2641 quando

401 2666 477 2729 uelis
492 2676 643 2749 opertum
655 2686 743 2728 mare
758 2665 974 2730 nuntiaretur.
999 2668 1040 2729 ad
1060 2667 1122 2729 hoo
1137 2666 1289 2728 caelestes
1303 2664 1411 2727 minae
1427 2663 1551 2726 territa·

399 2772 491 2848 bant,
516 2793 593 2834 cum
616 2792 726 2835 umore
747 2771 902 2835 continuo
924 2775 1090 2837 Cumanus
1111 2771 1228 2856 Apollo
1243 2772 1383 2833 sudaret.
1420 2771 1476 2833 sed
1498 2770 1551 2832 hic

398 2876 537 2941 fauentis
551 2877 648 2940 Asiae
664 2898 740 2941 suae
760 2876 905 2941 numinis
927 2877 1024 2942 timor
1044 2890 1123 2942 erat.
1153 2900 1214 2941 nec
1234 2899 1312 2940 sane
1334 2875 1413 2939 uiris
1437 2875 1551 2958 opibus

361 2989 383 3041 11
398 2983 558 3066 armisque
573 2981 746 3066 quicquam
761 2982 920 3066 copiosius
943 2985 1054 3068 Syria3
1088 2987 1144 3049 sed
1164 2984 1200 3047 in
1221 3005 1336 3047 manus
1358 2993 1426 3045 tam
1439 2982 1552 3065 ignaui

397 3089 477 3173 regis
492 3087 653 3153 inciderat
667 3098 704 3151 ut
718 3088 803 3153 nihil
817 3090 915 3153 fuerit
929 3090 965 3154 in
979 3092 1142 3155 Antiocho
1160 3090 1333 3173 speciosius
1352 3111 1450 3172 quam
1466 3089 1553 3171 quod

398 3216 414 3257 a
428 3193 587 3258 Romanis
603 3194 710 3257 uictus
727 3206 786 3258 est.
812 3195 958 3278 inpulere
978 3219 1087 3280 regem
1102 3197 1137 3258 in
1151 3196 1186 3259 id
1199 3197 1323 3260 bellum
1338 3195 1428 3258 illinc
1444 3195 1551 3257 Thoas

389 3300 542 3364 «Aetoliae
557 3300 719 3384 princeps,
736 3300 964 3366 inhonoratam
975 3305 1061 3388 apud
1073 3306 1238 3366 Romanos
1250 3324 1385 3384 querens
1398 3302 1552 3363 aduersus

398 3405 590 3470 Macedonas
606 3405 742 3469 militiae
758 3428 833 3470 suae
850 3408 1048 3485 societatem,
1065 3409 1142 3472 hinc
1153 3408 1309 3483 Annibal,
1326 3406 1382 3490 qui
1396 3406 1432 3468 in
1442 3405 1553 3469 Africa

360 3517 383 3568 15
398 3512 515 3589 uictus,
532 3512 688 3595 profugus
704 3522 736 3574 et
750 3513 837 3595 pacis
852 3514 1015 3597 inpatiens
1031 3515 1157 3579 hostem
1177 3514 1297 3597 populo
1320 3514 1468 3575 Romano
1484 3521 1551 3572 toto

398 3619 469 3681 orbe
493 3617 690 3702 quaerebat..
704 3627 736 3678 et
758 3621 844 3700 quod
858 3620 941 3685 illud
956 3620 1070 3684 fuisset
1091 3620 1283 3703 periculum,
1308 3617 1336 3680 si
1351 3639 1385 3679 se
1407 3616 1551 3679 consiliis

398 3723 462 3787 eius
478 3747 536 3787 rex
552 3722 754 3798 tradidisset,
779 3724 813 3786 id
834 3735 883 3787 est
906 3726 933 3788 si
954 3726 1051 3789 Asiae
1074 3725 1198 3787 uiribus
1220 3744 1298 3785 usus
1321 3721 1435 3785 fuisset
1455 3720 1552 3785 miser
1632 3733 1635 3738 '

397 3830 559 3893 Annibali
582 3832 637 3892 sed
652 3851 708 3893 rex
724 3830 790 3893 suis
806 3830 920 3914 opibus
936 3842 969 3893 et
983 3830 1114 3894 nomine
1129 3829 1216 3913 regio
1227 3828 1328 3891 fretus
1344 3828 1422 3891 satis
1438 3828 1553 3892 habuit

396 3933 516 3999 bellum
532 3957 671 3998 mouere.
687 3935 818 4020 Europa
833 3936 898 3999 iam
913 3934 1012 4000 dubio
1026 3937 1138 4020 procul
1154 3935 1222 4000 iure
1236 3935 1315 3999 belli
1331 3936 1372 3999 ad
1387 3937 1552 3999 Romanos

398 4174 412 4223 3
429 4176 574 4226 conaretur
589 4172 659 4242 11114
676 4172 788 4242 plaussu
808 4182 833 4225 N
843 4171 852 4241 11
865 4172 1027 4242 profuerunt
1044 4172 1113 4240 1115
1134 4180 1255 4243 repetere
1273 4172 1347 4226 illam
1365 4188 1460 4226 uocem
1479 4172 1551 4240 Ν17

397 4255 479 4310 Ildum
491 4263 602 4310 cantum
614 4256 896 4328 Ν191111100111Ν11
910 4256 977 4310 Asia
987 4257 1042 4309 add
1058 4257 1203 4310 Halmiuse
1222 4275 1264 4309 om
1281 4270 1325 4311 BN
1336 4258 1344 4327 11
1361 4261 1390 4311 lo
1409 4256 1554 4310 anthiocus

396 4350 413 4391 1³
425 4340 433 4411 1
449 4344 477 4394 11
493 4341 527 4394 da
540 4359 582 4395 orn
593 4353 618 4395 Ν
629 4342 637 4413 11
651 4342 753 4413 11111Ν11
769 4346 799 4396 12
812 4343 842 4396 in
854 4359 983 4414 europam
1002 4342 1041 4395 sic
1060 4342 1094 4395 ab
1108 4359 1210 4412 europa
1227 4354 1252 4396 Ν
1262 4344 1271 4413 11
1287 4347 1318 4396 14
1336 4343 1435 4394 situas
1456 4341 1465 4411 11
1485 4339 1554 4393 aliut

396 4436 419 4477 Ν
436 4426 445 4497 1
469 4429 498 4479 15
512 4441 609 4480 xersen
620 4440 640 4481 B
653 4426 661 4497 11
677 4430 707 4479 17
721 4435 753 4481 ut
764 4430 816 4482 hoc
828 4440 851 4482 Ν
863 4428 872 4499 11
885 4427 1018 4482 terribant
1029 4439 1048 4482 Β
1061 4427 1070 4497 11
1085 4430 1116 4480 18
1135 4443 1292 4481 cummanus
1303 4439 1323 4480 Ν
1336 4427 1344 4497 11
1358 4425 1484 4479 suaderet
1495 4437 1521 4478 Ν
1531 4428 1540 4495 11

398 4513 426 4562 19
439 4512 498 4565 sine
510 4524 535 4565 Ν
552 4513 561 4582 11
581 4515 614 4566 20
633 4513 713 4567 armis
733 4513 762 4566 id
774 4530 854 4583 quam
866 4526 891 4567 N
902 4513 910 4583 11
923 4513 1049 4567 manibus
1067 4526 1092 4567 N
1103 4513 1111 4584 11
1126 4516 1155 4565 21
1176 4517 1243 4582 quot
1259 4523 1278 4564 a
1290 4511 1299 4579 11
1312 4514 1345 4564 22
1364 4511 1466 4565 bellum
1478 4511 1553 4565 mino

397 4594 470 4649 theas
482 4608 502 4649 B
515 4597 524 4667 11
538 4601 570 4651 26
585 4597 716 4668 querebat
733 4612 752 4652 1³
765 4599 774 4668 11
788 4601 819 4651 27
841 4598 938 4652 suisset
956 4598 1100 4668 imperator
1120 4597 1240 4652 Annibal
1256 4596 1395 4667 Hauptias
1409 4597 1464 4667 ’128
1478 4597 1554 4650 abuit

397 4692 414 4730 n
432 4681 440 4750 1
458 4685 490 4733 29
504 4683 642 4753 europiam
654 4695 680 4736 N
690 4684 698 4755 11
711 4683 777 4737 belli
789 4702 830 4736 om
843 4695 867 4736 N
878 4684 887 4753 11
