<?xml version="1.0" encoding="UTF-8"?>
<!DOCTYPE html PUBLIC "-//W3C//DTD XHTML 1.0 Transitional//EN"
    "http://www.w3.org/TR/xhtml1/DTD/xhtml1-transitional.dtd">
<html xmlns="http://www.w3.org/1999/xhtml" xml:lang="en" lang="en">
 <head>
  <title>
</title>
<meta http-equiv="Content-Type" content="text/html;charset=utf-8" />
  <meta name='ocr-system' content='tesseract 3.04.00' />
  <meta name='ocr-capabilities' content='ocr_page ocr_carea ocr_par ocr_line ocrx_word'/>
</head>
<body>
  <div class='ocr_page' id='page_1' title='image "./iulifloriepitom00florgoog_0111.png"; bbox 0 0 3809 5534; ppageno 0'>
   <div class='ocr_carea' id='block_1_1' title="bbox 596 527 616 555">
    <p class='ocr_par' dir='ltr' id='par_1_1' title="bbox 596 527 616 555">
     <span class='ocr_line' id='line_1_1' title="bbox 596 527 616 555; baseline 0 -2"><span class='ocrx_word' id='word_1_1' title='bbox 596 527 616 555; x_wconf 60' lang='lat' dir='ltr'><strong>b</strong></span> 
     </span>
    </p>
   </div>
   <div class='ocr_carea' id='block_1_2' title="bbox 779 606 1551 692">
    <p class='ocr_par' dir='ltr' id='par_1_2' title="bbox 779 606 1551 692">
     <span class='ocr_line' id='line_1_2' title="bbox 779 606 1551 692; baseline 0.004 -24"><span class='ocrx_word' id='word_1_2' title='bbox 779 625 927 671; x_wconf 75' lang='lat' dir='ltr'>arraona</span> <span class='ocrx_word' id='word_1_3' title='bbox 944 627 969 682; x_wconf 94' lang='lat'>1,</span> <span class='ocrx_word' id='word_1_4' title='bbox 987 617 1019 668; x_wconf 80' lang='lat'>33</span> <span class='ocrx_word' id='word_1_5' title='bbox 1038 607 1091 691; x_wconf 84' lang='lat' dir='ltr'>[u‚</span> <span class='ocrx_word' id='word_1_6' title='bbox 1111 606 1167 692; x_wconf 80' lang='lat'>17].</span> <span class='ocrx_word' id='word_1_7' title='bbox 1434 685 1436 692; x_wconf 28' lang='grc' dir='ltr'>Ι</span> <span class='ocrx_word' id='word_1_8' title='bbox 1512 609 1551 671; x_wconf 82' lang='grc'>53</span> 
     </span>
    </p>
   </div>
   <div class='ocr_carea' id='block_1_3' title="bbox 346 772 1611 3821">
    <p class='ocr_par' dir='ltr' id='par_1_3' title="bbox 347 772 1611 2445">
     <span class='ocr_line' id='line_1_3' title="bbox 387 772 1552 860; baseline 0.004 -25"><span class='ocrx_word' id='word_1_9' title='bbox 387 783 500 856; x_wconf 87' lang='lat' dir='ltr'>partes</span> <span class='ocrx_word' id='word_1_10' title='bbox 516 772 582 836; x_wconf 91' lang='lat' dir='ltr'>iam</span> <span class='ocrx_word' id='word_1_11' title='bbox 596 774 660 836; x_wconf 89' lang='lat' dir='ltr'>hac</span> <span class='ocrx_word' id='word_1_12' title='bbox 669 821 678 850; x_wconf 89' lang='lat'>,</span> <span class='ocrx_word' id='word_1_13' title='bbox 706 774 771 837; x_wconf 91' lang='lat' dir='ltr'>iarn</span> <span class='ocrx_word' id='word_1_14' title='bbox 786 775 863 838; x_wconf 89' lang='lat' dir='ltr'>illuc</span> <span class='ocrx_word' id='word_1_15' title='bbox 879 775 969 839; x_wconf 76' lang='lat' dir='ltr'>aussi</span> <span class='ocrx_word' id='word_1_16' title='bbox 984 777 1099 851; x_wconf 77' lang='lat' dir='ltr'>dracas,</span> <span class='ocrx_word' id='word_1_17' title='bbox 1125 777 1180 860; x_wconf 90' lang='lat' dir='ltr'>qui</span> <span class='ocrx_word' id='word_1_18' title='bbox 1196 776 1405 840; x_wconf 85' lang='lat' dir='ltr'>ferocissimas</span> <span class='ocrx_word' id='word_1_19' title='bbox 1422 777 1502 840; x_wconf 91' lang='lat' dir='ltr'>etin</span> <span class='ocrx_word' id='word_1_20' title='bbox 1518 777 1552 840; x_wconf 89' lang='lat' dir='ltr'>id</span> 
     </span>
     <span class='ocr_line' id='line_1_4' title="bbox 389 879 1553 966; baseline 0.004 -25"><span class='ocrx_word' id='word_1_21' title='bbox 389 890 523 962; x_wconf 90' lang='lat' dir='ltr'>tempus</span> <span class='ocrx_word' id='word_1_22' title='bbox 539 879 655 943; x_wconf 86' lang='lat' dir='ltr'>liberas</span> <span class='ocrx_word' id='word_1_23' title='bbox 670 891 783 963; x_wconf 85' lang='lat' dir='ltr'>gentes</span> <span class='ocrx_word' id='word_1_24' title='bbox 801 880 937 963; x_wconf 88' lang='lat' dir='ltr'>ideoque</span> <span class='ocrx_word' id='word_1_25' title='bbox 958 881 1152 965; x_wconf 82' lang='lat' dir='ltr'>inpatientes</span> <span class='ocrx_word' id='word_1_26' title='bbox 1168 882 1237 966; x_wconf 92' lang='lat' dir='ltr'>iugi</span> <span class='ocrx_word' id='word_1_27' title='bbox 1251 884 1355 946; x_wconf 89' lang='lat' dir='ltr'>multo</span> <span class='ocrx_word' id='word_1_28' title='bbox 1370 883 1478 946; x_wconf 90' lang='lat' dir='ltr'>labore</span> <span class='ocrx_word' id='word_1_29' title='bbox 1493 904 1553 946; x_wconf 91' lang='lat' dir='ltr'>nec</span> 
     </span>
     <span class='ocr_line' id='line_1_5' title="bbox 387 983 1552 1052; baseline 0.003 -6"><span class='ocrx_word' id='word_1_30' title='bbox 387 983 573 1048; x_wconf 90' lang='lat' dir='ltr'>incruentis</span> <span class='ocrx_word' id='word_1_31' title='bbox 595 986 826 1049; x_wconf 84' lang='lat' dir='ltr'>certaminibus</span> <span class='ocrx_word' id='word_1_32' title='bbox 848 987 968 1050; x_wconf 89' lang='lat' dir='ltr'>seruire</span> <span class='ocrx_word' id='word_1_33' title='bbox 991 989 1181 1051; x_wconf 90' lang='lat' dir='ltr'>docuerunt.</span> <span class='ocrx_word' id='word_1_34' title='bbox 1207 989 1288 1052; x_wconf 88' lang='lat' dir='ltr'>Cato</span> <span class='ocrx_word' id='word_1_35' title='bbox 1309 988 1363 1051; x_wconf 89' lang='lat' dir='ltr'>ille</span> <span class='ocrx_word' id='word_1_36' title='bbox 1379 988 1552 1051; x_wconf 89' lang='lat' dir='ltr'>Censorius</span> 
     </span>
     <span class='ocr_line' id='line_1_6' title="bbox 389 1090 1551 1177; baseline 0.001 -23"><span class='ocrx_word' id='word_1_37' title='bbox 389 1090 587 1168; x_wconf 82' lang='lat' dir='ltr'>Celtiberos,</span> <span class='ocrx_word' id='word_1_38' title='bbox 604 1091 638 1154; x_wconf 94' lang='lat' dir='ltr'>id</span> <span class='ocrx_word' id='word_1_39' title='bbox 653 1103 702 1155; x_wconf 88' lang='lat' dir='ltr'>est</span> <span class='ocrx_word' id='word_1_40' title='bbox 717 1094 813 1155; x_wconf 91' lang='lat' dir='ltr'>robur</span> <span class='ocrx_word' id='word_1_41' title='bbox 829 1093 1022 1176; x_wconf 81' lang='lat' dir='ltr'>Hispaniae,</span> <span class='ocrx_word' id='word_1_42' title='bbox 1040 1093 1162 1177; x_wconf 81' lang='lat' dir='ltr'>aliquot</span> <span class='ocrx_word' id='word_1_43' title='bbox 1177 1094 1306 1176; x_wconf 81' lang='lat' dir='ltr'>proeliis</span> <span class='ocrx_word' id='word_1_44' title='bbox 1321 1093 1427 1176; x_wconf 85' lang='lat' dir='ltr'>fregit.</span> <span class='ocrx_word' id='word_1_45' title='bbox 1453 1094 1551 1157; x_wconf 87' lang='lat' dir='ltr'>Grac-</span> 
     </span>
     <span class='ocr_line' id='line_1_7' title="bbox 354 1195 1554 1284; baseline 0.003 -27"><span class='ocrx_word' id='word_1_46' title='bbox 354 1195 492 1272; x_wconf 72' lang='lat' dir='ltr'>cchus,</span> <span class='ocrx_word' id='word_1_47' title='bbox 520 1208 614 1280; x_wconf 91' lang='lat' dir='ltr'>pater</span> <span class='ocrx_word' id='word_1_48' title='bbox 635 1199 690 1262; x_wconf 92' lang='lat' dir='ltr'>ille</span> <span class='ocrx_word' id='word_1_49' title='bbox 713 1198 954 1276; x_wconf 86' lang='lat' dir='ltr'>Gracchorum,</span> <span class='ocrx_word' id='word_1_50' title='bbox 982 1202 1111 1264; x_wconf 89' lang='lat' dir='ltr'>eosdem</span> <span class='ocrx_word' id='word_1_51' title='bbox 1126 1211 1256 1263; x_wconf 88' lang='lat' dir='ltr'>centurn</span> <span class='ocrx_word' id='word_1_52' title='bbox 1272 1211 1303 1263; x_wconf 90' lang='lat' dir='ltr'>et</span> <span class='ocrx_word' id='word_1_53' title='bbox 1320 1198 1554 1284; x_wconf 82' lang='lat' dir='ltr'>quinquaginta</span> 
     </span>
     <span class='ocr_line' id='line_1_8' title="bbox 349 1301 1555 1388; baseline 0.001 -22"><span class='ocrx_word' id='word_1_54' title='bbox 349 1323 351 1329; x_wconf 67' lang='grc'><em>“</em></span> <span class='ocrx_word' id='word_1_55' title='bbox 390 1301 527 1367; x_wconf 90' lang='lat' dir='ltr'>urbium</span> <span class='ocrx_word' id='word_1_56' title='bbox 548 1304 715 1368; x_wconf 90' lang='lat' dir='ltr'>euersione</span> <span class='ocrx_word' id='word_1_57' title='bbox 737 1306 902 1369; x_wconf 91' lang='lat' dir='ltr'>multauit.</span> <span class='ocrx_word' id='word_1_58' title='bbox 942 1306 1096 1369; x_wconf 89' lang='lat' dir='ltr'>Metellus</span> <span class='ocrx_word' id='word_1_59' title='bbox 1120 1305 1175 1368; x_wconf 92' lang='lat' dir='ltr'>ille</span> <span class='ocrx_word' id='word_1_60' title='bbox 1185 1353 1195 1382; x_wconf 95' lang='lat'>,</span> <span class='ocrx_word' id='word_1_61' title='bbox 1222 1305 1277 1388; x_wconf 92' lang='lat' dir='ltr'>qui</span> <span class='ocrx_word' id='word_1_62' title='bbox 1300 1327 1341 1368; x_wconf 87' lang='lat' dir='ltr'>cx</span> <span class='ocrx_word' id='word_1_63' title='bbox 1363 1306 1555 1368; x_wconf 89' lang='lat' dir='ltr'>Macedonia</span> 
     </span>
     <span class='ocr_line' id='line_1_9' title="bbox 388 1411 1553 1492; baseline -0.001 -19"><span class='ocrx_word' id='word_1_64' title='bbox 388 1430 573 1492; x_wconf 80' lang='lat' dir='ltr'>cognomen</span> <span class='ocrx_word' id='word_1_65' title='bbox 589 1422 759 1487; x_wconf 88' lang='lat' dir='ltr'>meruerat,</span> <span class='ocrx_word' id='word_1_66' title='bbox 777 1421 809 1473; x_wconf 91' lang='lat' dir='ltr'>et</span> <span class='ocrx_word' id='word_1_67' title='bbox 824 1411 1036 1474; x_wconf 83' lang='lat' dir='ltr'>Celtibericus</span> <span class='ocrx_word' id='word_1_68' title='bbox 1051 1412 1120 1474; x_wconf 90' lang='lat' dir='ltr'>ficri</span> <span class='ocrx_word' id='word_1_69' title='bbox 1134 1411 1263 1488; x_wconf 89' lang='lat' dir='ltr'>meruit,</span> <span class='ocrx_word' id='word_1_70' title='bbox 1281 1432 1355 1473; x_wconf 90' lang='lat' dir='ltr'>cnm</span> <span class='ocrx_word' id='word_1_71' title='bbox 1371 1421 1403 1473; x_wconf 90' lang='lat' dir='ltr'>et</span> <span class='ocrx_word' id='word_1_72' title='bbox 1419 1412 1553 1474; x_wconf 86' lang='lat' dir='ltr'>Contre-</span> 
     </span>
     <span class='ocr_line' id='line_1_10' title="bbox 389 1515 1556 1600; baseline 0.001 -22"><span class='ocrx_word' id='word_1_73' title='bbox 389 1515 481 1579; x_wconf 88' lang='lat' dir='ltr'>biam</span> <span class='ocrx_word' id='word_1_74' title='bbox 495 1516 696 1579; x_wconf 86' lang='lat' dir='ltr'>memorabili</span> <span class='ocrx_word' id='word_1_75' title='bbox 713 1517 848 1600; x_wconf 84' lang='lat' dir='ltr'>cepisset</span> <span class='ocrx_word' id='word_1_76' title='bbox 871 1519 1018 1600; x_wconf 83' lang='lat' dir='ltr'>exemplo</span> <span class='ocrx_word' id='word_1_77' title='bbox 1040 1529 1072 1581; x_wconf 90' lang='lat' dir='ltr'>et</span> <span class='ocrx_word' id='word_1_78' title='bbox 1094 1516 1304 1600; x_wconf 82' lang='lat' dir='ltr'>Nertobrigae</span> <span class='ocrx_word' id='word_1_79' title='bbox 1319 1516 1439 1579; x_wconf 87' lang='lat' dir='ltr'>maiore</span> <span class='ocrx_word' id='word_1_80' title='bbox 1453 1516 1556 1600; x_wconf 88' lang='lat' dir='ltr'>gloria</span> 
     </span>
     <span class='ocr_line' id='line_1_11' title="bbox 389 1611 1611 1707; baseline 0 -24"><span class='ocrx_word' id='word_1_81' title='bbox 389 1621 601 1705; x_wconf 87' lang='lat' dir='ltr'>pepercisset.</span> <span class='ocrx_word' id='word_1_82' title='bbox 628 1623 785 1686; x_wconf 85' lang='lat' dir='ltr'>Lucullus</span> <span class='ocrx_word' id='word_1_83' title='bbox 801 1624 961 1688; x_wconf 86' lang='lat' dir='ltr'>Turdulos</span> <span class='ocrx_word' id='word_1_84' title='bbox 977 1635 1072 1707; x_wconf 90' lang='lat' dir='ltr'>atquc</span> <span class='ocrx_word' id='word_1_85' title='bbox 1088 1625 1265 1700; x_wconf 86' lang='lat' dir='ltr'>Vaccaeos,</span> <span class='ocrx_word' id='word_1_86' title='bbox 1292 1625 1331 1685; x_wconf 90' lang='lat' dir='ltr'>de</span> <span class='ocrx_word' id='word_1_87' title='bbox 1353 1621 1469 1704; x_wconf 87' lang='lat' dir='ltr'>quibus</span> <span class='ocrx_word' id='word_1_88' title='bbox 1487 1622 1554 1684; x_wconf 75' lang='lat' dir='ltr'>Sci·</span> <span class='ocrx_word' id='word_1_89' title='bbox 1608 1611 1611 1616; x_wconf 42' lang='lat'>¹</span> 
     </span>
     <span class='ocr_line' id='line_1_12' title="bbox 354 1726 1554 1817; baseline 0 -27"><span class='ocrx_word' id='word_1_90' title='bbox 354 1740 372 1790; x_wconf 81' lang='lat' dir='ltr'>a</span> <span class='ocrx_word' id='word_1_91' title='bbox 391 1726 450 1810; x_wconf 91' lang='lat' dir='ltr'>pio</span> <span class='ocrx_word' id='word_1_92' title='bbox 465 1726 525 1789; x_wconf 89' lang='lat' dir='ltr'>ille</span> <span class='ocrx_word' id='word_1_93' title='bbox 538 1726 694 1817; x_wconf 81' lang='lat' dir='ltr'>posterior</span> <span class='ocrx_word' id='word_1_94' title='bbox 708 1727 866 1811; x_wconf 80' lang='lat' dir='ltr'>singulari</span> <span class='ocrx_word' id='word_1_95' title='bbox 881 1729 1074 1804; x_wconf 88' lang='lat' dir='ltr'>certamine,</span> <span class='ocrx_word' id='word_1_96' title='bbox 1099 1751 1173 1792; x_wconf 90' lang='lat' dir='ltr'>cum</span> <span class='ocrx_word' id='word_1_97' title='bbox 1194 1751 1252 1791; x_wconf 83' lang='lat' dir='ltr'>rex</span> <span class='ocrx_word' id='word_1_98' title='bbox 1274 1728 1387 1792; x_wconf 89' lang='lat' dir='ltr'>fuisset</span> <span class='ocrx_word' id='word_1_99' title='bbox 1402 1749 1554 1811; x_wconf 84' lang='lat' dir='ltr'>prouoca-</span> 
     </span>
     <span class='ocr_line' id='line_1_13' title="bbox 392 1825 1555 1917; baseline -0.002 -21"><span class='ocrx_word' id='word_1_100' title='bbox 392 1825 446 1896; x_wconf 79' lang='lat' dir='ltr'>tor</span> <span class='ocrx_word' id='word_1_101' title='bbox 455 1881 465 1910; x_wconf 90' lang='lat'>,</span> <span class='ocrx_word' id='word_1_102' title='bbox 491 1833 599 1915; x_wconf 88' lang='lat' dir='ltr'>opima</span> <span class='ocrx_word' id='word_1_103' title='bbox 620 1834 784 1898; x_wconf 88' lang='lat' dir='ltr'>retulerat.</span> <span class='ocrx_word' id='word_1_104' title='bbox 809 1834 963 1898; x_wconf 87' lang='lat' dir='ltr'>Decimus</span> <span class='ocrx_word' id='word_1_105' title='bbox 986 1839 1107 1898; x_wconf 89' lang='lat' dir='ltr'>Brutus</span> <span class='ocrx_word' id='word_1_106' title='bbox 1123 1834 1287 1917; x_wconf 89' lang='lat' dir='ltr'>aliquanto</span> <span class='ocrx_word' id='word_1_107' title='bbox 1303 1834 1399 1898; x_wconf 89' lang='lat' dir='ltr'>latius</span> <span class='ocrx_word' id='word_1_108' title='bbox 1416 1834 1555 1898; x_wconf 85' lang='lat' dir='ltr'>Celticos</span> 
     </span>
     <span class='ocr_line' id='line_1_14' title="bbox 392 1938 1554 2024; baseline 0 -22"><span class='ocrx_word' id='word_1_109' title='bbox 392 1938 635 2021; x_wconf 88' lang='lat' dir='ltr'>Lusitanosque</span> <span class='ocrx_word' id='word_1_110' title='bbox 658 1949 690 2001; x_wconf 90' lang='lat' dir='ltr'>et</span> <span class='ocrx_word' id='word_1_111' title='bbox 712 1939 817 2003; x_wconf 90' lang='lat' dir='ltr'>omnis</span> <span class='ocrx_word' id='word_1_112' title='bbox 839 1940 1018 2004; x_wconf 88' lang='lat' dir='ltr'>Callaeciae</span> <span class='ocrx_word' id='word_1_113' title='bbox 1033 1941 1169 2024; x_wconf 91' lang='lat' dir='ltr'>populos</span> <span class='ocrx_word' id='word_1_114' title='bbox 1184 1940 1455 2024; x_wconf 90' lang='lat' dir='ltr'>formidatamque</span> <span class='ocrx_word' id='word_1_115' title='bbox 1470 1940 1554 2003; x_wconf 91' lang='lat' dir='ltr'>mili-</span> 
     </span>
     <span class='ocr_line' id='line_1_15' title="bbox 393 2043 1555 2130; baseline -0.003 -22"><span class='ocrx_word' id='word_1_116' title='bbox 393 2043 484 2109; x_wconf 77' lang='lat' dir='ltr'>tib&#39;us</span> <span class='ocrx_word' id='word_1_117' title='bbox 498 2045 621 2108; x_wconf 87' lang='lat' dir='ltr'>flumen</span> <span class='ocrx_word' id='word_1_118' title='bbox 637 2045 840 2121; x_wconf 88' lang='lat' dir='ltr'>Obliuionis,</span> <span class='ocrx_word' id='word_1_119' title='bbox 863 2057 1093 2130; x_wconf 86' lang='lat' dir='ltr'>peragratoque</span> <span class='ocrx_word' id='word_1_120' title='bbox 1117 2045 1220 2109; x_wconf 87' lang='lat' dir='ltr'>uictor</span> <span class='ocrx_word' id='word_1_121' title='bbox 1235 2045 1358 2108; x_wconf 87' lang='lat' dir='ltr'>Oceani</span> <span class='ocrx_word' id='word_1_122' title='bbox 1381 2045 1474 2108; x_wconf 91' lang='lat' dir='ltr'>litore</span> <span class='ocrx_word' id='word_1_123' title='bbox 1491 2067 1555 2107; x_wconf 90' lang='lat' dir='ltr'>non</span> 
     </span>
     <span class='ocr_line' id='line_1_16' title="bbox 394 2149 1555 2235; baseline -0.002 -22"><span class='ocrx_word' id='word_1_124' title='bbox 394 2151 487 2235; x_wconf 92' lang='lat' dir='ltr'>prius</span> <span class='ocrx_word' id='word_1_125' title='bbox 503 2150 597 2234; x_wconf 88' lang='lat' dir='ltr'>signa</span> <span class='ocrx_word' id='word_1_126' title='bbox 612 2151 772 2215; x_wconf 90' lang='lat' dir='ltr'>conuertit</span> <span class='ocrx_word' id='word_1_127' title='bbox 793 2174 890 2235; x_wconf 90' lang='lat' dir='ltr'>quam</span> <span class='ocrx_word' id='word_1_128' title='bbox 912 2154 1080 2215; x_wconf 88' lang='lat' dir='ltr'>cadentem</span> <span class='ocrx_word' id='word_1_129' title='bbox 1102 2151 1137 2212; x_wconf 91' lang='lat' dir='ltr'>in</span> <span class='ocrx_word' id='word_1_130' title='bbox 1157 2149 1258 2212; x_wconf 90' lang='lat' dir='ltr'>maria</span> <span class='ocrx_word' id='word_1_131' title='bbox 1273 2150 1373 2213; x_wconf 91' lang='lat' dir='ltr'>solem</span> <span class='ocrx_word' id='word_1_132' title='bbox 1389 2151 1555 2213; x_wconf 82' lang='lat' dir='ltr'>obnitum·</span> 
     </span>
     <span class='ocr_line' id='line_1_17' title="bbox 347 2255 1556 2341; baseline -0.002 -22"><span class='ocrx_word' id='word_1_133' title='bbox 347 2269 372 2319; x_wconf 78' lang='grc'>,5</span> <span class='ocrx_word' id='word_1_134' title='bbox 395 2278 461 2340; x_wconf 90' lang='lat' dir='ltr'>que</span> <span class='ocrx_word' id='word_1_135' title='bbox 486 2255 579 2340; x_wconf 89' lang='lat' dir='ltr'>aquis</span> <span class='ocrx_word' id='word_1_136' title='bbox 604 2256 713 2341; x_wconf 91' lang='lat' dir='ltr'>ignem</span> <span class='ocrx_word' id='word_1_137' title='bbox 738 2280 804 2322; x_wconf 93' lang='lat' dir='ltr'>non</span> <span class='ocrx_word' id='word_1_138' title='bbox 831 2258 900 2322; x_wconf 89' lang='lat' dir='ltr'>sine</span> <span class='ocrx_word' id='word_1_139' title='bbox 926 2259 1065 2341; x_wconf 89' lang='lat' dir='ltr'>quodam</span> <span class='ocrx_word' id='word_1_140' title='bbox 1092 2255 1250 2339; x_wconf 85' lang='lat' dir='ltr'>sacrilegii</span> <span class='ocrx_word' id='word_1_141' title='bbox 1276 2267 1366 2318; x_wconf 91' lang='lat' dir='ltr'>metu</span> <span class='ocrx_word' id='word_1_142' title='bbox 1392 2266 1424 2318; x_wconf 91' lang='lat' dir='ltr'>et</span> <span class='ocrx_word' id='word_1_143' title='bbox 1451 2278 1556 2318; x_wconf 90' lang='lat' dir='ltr'>orrore</span> 
     </span>
     <span class='ocr_line' id='line_1_18' title="bbox 393 2361 575 2445; baseline -0.011 -20"><span class='ocrx_word' id='word_1_144' title='bbox 393 2361 575 2445; x_wconf 89' lang='lat' dir='ltr'>deprendit.</span> 
     </span>
    </p>

    <p class='ocr_par' dir='ltr' id='par_1_4' title="bbox 395 2468 1555 2765">
     <span class='ocr_line' id='line_1_19' title="bbox 484 2468 1555 2536; baseline -0.002 -5"><span class='ocrx_word' id='word_1_145' title='bbox 484 2469 550 2532; x_wconf 85' lang='lat' dir='ltr'>Sed</span> <span class='ocrx_word' id='word_1_146' title='bbox 566 2479 634 2533; x_wconf 83' lang='lat' dir='ltr'>tota</span> <span class='ocrx_word' id='word_1_147' title='bbox 649 2472 861 2536; x_wconf 90' lang='lat' dir='ltr'>certaminum</span> <span class='ocrx_word' id='word_1_148' title='bbox 875 2472 976 2536; x_wconf 90' lang='lat' dir='ltr'>moles</span> <span class='ocrx_word' id='word_1_149' title='bbox 993 2493 1067 2533; x_wconf 92' lang='lat' dir='ltr'>curn</span> <span class='ocrx_word' id='word_1_150' title='bbox 1083 2469 1248 2533; x_wconf 90' lang='lat' dir='ltr'>Lusitanis</span> <span class='ocrx_word' id='word_1_151' title='bbox 1271 2468 1333 2531; x_wconf 85' lang='lat' dir='ltr'>fuit</span> <span class='ocrx_word' id='word_1_152' title='bbox 1355 2480 1386 2532; x_wconf 87' lang='lat' dir='ltr'>et</span> <span class='ocrx_word' id='word_1_153' title='bbox 1408 2470 1441 2533; x_wconf 93' lang='lat' dir='ltr'>N</span> <span class='ocrx_word' id='word_1_154' title='bbox 1443 2490 1555 2531; x_wconf 89' lang='lat' dir='ltr'>uman-</span> 
     </span>
     <span class='ocr_line' id='line_1_20' title="bbox 395 2574 1555 2661; baseline -0.003 -23"><span class='ocrx_word' id='word_1_155' title='bbox 395 2574 485 2638; x_wconf 88' lang='lat' dir='ltr'>tinis.</span> <span class='ocrx_word' id='word_1_156' title='bbox 512 2596 572 2638; x_wconf 92' lang='lat' dir='ltr'>nec</span> <span class='ocrx_word' id='word_1_157' title='bbox 587 2576 747 2641; x_wconf 91' lang='lat' dir='ltr'>inmerito.</span> <span class='ocrx_word' id='word_1_158' title='bbox 774 2578 892 2661; x_wconf 88' lang='lat' dir='ltr'>quippe</span> <span class='ocrx_word' id='word_1_159' title='bbox 914 2576 989 2640; x_wconf 92' lang='lat' dir='ltr'>solis</span> <span class='ocrx_word' id='word_1_160' title='bbox 1011 2576 1158 2660; x_wconf 91' lang='lat' dir='ltr'>gentium</span> <span class='ocrx_word' id='word_1_161' title='bbox 1175 2574 1354 2658; x_wconf 89' lang='lat' dir='ltr'>Hispaniae</span> <span class='ocrx_word' id='word_1_162' title='bbox 1369 2577 1466 2637; x_wconf 87' lang='lat' dir='ltr'>duces</span> <span class='ocrx_word' id='word_1_163' title='bbox 1481 2596 1555 2635; x_wconf 91' lang='lat' dir='ltr'>cou-</span> 
     </span>
     <span class='ocr_line' id='line_1_21' title="bbox 396 2677 1554 2765; baseline -0.004 -21"><span class='ocrx_word' id='word_1_164' title='bbox 396 2680 553 2765; x_wconf 88' lang='lat' dir='ltr'>tigerunt.</span> <span class='ocrx_word' id='word_1_165' title='bbox 595 2682 708 2746; x_wconf 85' lang='lat' dir='ltr'>fuisset</span> <span class='ocrx_word' id='word_1_166' title='bbox 734 2694 767 2746; x_wconf 90' lang='lat' dir='ltr'>et</span> <span class='ocrx_word' id='word_1_167' title='bbox 792 2705 867 2746; x_wconf 91' lang='lat' dir='ltr'>cum</span> <span class='ocrx_word' id='word_1_168' title='bbox 889 2682 1038 2746; x_wconf 90' lang='lat' dir='ltr'>omnibus</span> <span class='ocrx_word' id='word_1_169' title='bbox 1066 2681 1254 2757; x_wconf 90' lang='lat' dir='ltr'>Celtiberis,</span> <span class='ocrx_word' id='word_1_170' title='bbox 1283 2680 1347 2743; x_wconf 91' lang='lat' dir='ltr'>nisi</span> <span class='ocrx_word' id='word_1_171' title='bbox 1373 2681 1441 2741; x_wconf 85' lang='lat' dir='ltr'>dux</span> <span class='ocrx_word' id='word_1_172' title='bbox 1466 2677 1554 2741; x_wconf 90' lang='lat' dir='ltr'>illius</span> 
     </span>
    </p>

    <p class='ocr_par' dir='ltr' id='par_1_5' title="bbox 346 2784 1555 3293">
     <span class='ocr_line' id='line_1_22' title="bbox 346 2784 1555 2872; baseline -0.002 -23"><span class='ocrx_word' id='word_1_173' title='bbox 346 2800 377 2850; x_wconf 81' lang='lat'>20</span> <span class='ocrx_word' id='word_1_174' title='bbox 397 2798 505 2852; x_wconf 89' lang='lat' dir='ltr'>motus</span> <span class='ocrx_word' id='word_1_175' title='bbox 520 2786 615 2850; x_wconf 90' lang='lat' dir='ltr'>initio</span> <span class='ocrx_word' id='word_1_176' title='bbox 630 2789 707 2851; x_wconf 94' lang='lat' dir='ltr'>belli</span> <span class='ocrx_word' id='word_1_177' title='bbox 723 2789 757 2851; x_wconf 91' lang='lat' dir='ltr'>ui</span> <span class='ocrx_word' id='word_1_178' title='bbox 780 2810 948 2872; x_wconf 90' lang='lat' dir='ltr'>oppressus</span> <span class='ocrx_word' id='word_1_179' title='bbox 971 2798 1074 2863; x_wconf 91' lang='lat' dir='ltr'>esset,</span> <span class='ocrx_word' id='word_1_180' title='bbox 1102 2809 1246 2850; x_wconf 90' lang='lat' dir='ltr'>summae</span> <span class='ocrx_word' id='word_1_181' title='bbox 1267 2786 1319 2849; x_wconf 91' lang='lat' dir='ltr'>uir</span> <span class='ocrx_word' id='word_1_182' title='bbox 1346 2784 1503 2860; x_wconf 90' lang='lat' dir='ltr'>astutiae,</span> <span class='ocrx_word' id='word_1_183' title='bbox 1528 2784 1555 2847; x_wconf 93' lang='lat' dir='ltr'>si</span> 
     </span>
     <span class='ocr_line' id='line_1_23' title="bbox 395 2890 1555 2979; baseline -0.003 -23"><span class='ocrx_word' id='word_1_184' title='bbox 395 2893 621 2977; x_wconf 88' lang='lat' dir='ltr'>processisset,</span> <span class='ocrx_word' id='word_1_185' title='bbox 645 2892 844 2979; x_wconf 86' lang='lat' dir='ltr'>Olyndicus,</span> <span class='ocrx_word' id='word_1_186' title='bbox 867 2893 923 2975; x_wconf 89' lang='lat' dir='ltr'>qui</span> <span class='ocrx_word' id='word_1_187' title='bbox 937 2893 1064 2956; x_wconf 89' lang='lat' dir='ltr'>hastam</span> <span class='ocrx_word' id='word_1_188' title='bbox 1080 2903 1265 2976; x_wconf 89' lang='lat' dir='ltr'>argenteam</span> <span class='ocrx_word' id='word_1_189' title='bbox 1287 2890 1435 2976; x_wconf 92' lang='lat' dir='ltr'>quatiens</span> <span class='ocrx_word' id='word_1_190' title='bbox 1464 2890 1555 2973; x_wconf 85' lang='lat' dir='ltr'>quasi</span> 
     </span>
     <span class='ocr_line' id='line_1_24' title="bbox 398 2998 1554 3062; baseline -0.003 0"><span class='ocrx_word' id='word_1_191' title='bbox 398 2999 484 3062; x_wconf 92' lang='lat' dir='ltr'>caelo</span> <span class='ocrx_word' id='word_1_192' title='bbox 506 2998 638 3062; x_wconf 89' lang='lat' dir='ltr'>missam</span> <span class='ocrx_word' id='word_1_193' title='bbox 660 2998 853 3062; x_wconf 87' lang='lat' dir='ltr'>uaticinanti</span> <span class='ocrx_word' id='word_1_194' title='bbox 875 2998 990 3061; x_wconf 89' lang='lat' dir='ltr'>similis</span> <span class='ocrx_word' id='word_1_195' title='bbox 1012 2999 1158 3062; x_wconf 89' lang='lat' dir='ltr'>omnium</span> <span class='ocrx_word' id='word_1_196' title='bbox 1173 2998 1208 3060; x_wconf 91' lang='lat' dir='ltr'>in</span> <span class='ocrx_word' id='word_1_197' title='bbox 1231 3020 1264 3060; x_wconf 88' lang='lat' dir='ltr'>se</span> <span class='ocrx_word' id='word_1_198' title='bbox 1280 3009 1405 3060; x_wconf 89' lang='lat' dir='ltr'>mentes</span> <span class='ocrx_word' id='word_1_199' title='bbox 1421 3019 1554 3059; x_wconf 88' lang='lat' dir='ltr'>conuer-</span> 
     </span>
     <span class='ocr_line' id='line_1_25' title="bbox 400 3103 1554 3188; baseline -0.002 -22"><span class='ocrx_word' id='word_1_200' title='bbox 400 3114 493 3167; x_wconf 86' lang='lat' dir='ltr'>terat.</span> <span class='ocrx_word' id='word_1_201' title='bbox 520 3115 568 3166; x_wconf 92' lang='lat' dir='ltr'>set</span> <span class='ocrx_word' id='word_1_202' title='bbox 584 3126 658 3167; x_wconf 92' lang='lat' dir='ltr'>cum</span> <span class='ocrx_word' id='word_1_203' title='bbox 673 3104 742 3188; x_wconf 91' lang='lat' dir='ltr'>pari</span> <span class='ocrx_word' id='word_1_204' title='bbox 757 3104 937 3167; x_wconf 88' lang='lat' dir='ltr'>temeritate</span> <span class='ocrx_word' id='word_1_205' title='bbox 960 3105 1019 3168; x_wconf 91' lang='lat' dir='ltr'>sub</span> <span class='ocrx_word' id='word_1_206' title='bbox 1039 3115 1134 3167; x_wconf 89' lang='lat' dir='ltr'>nocte</span> <span class='ocrx_word' id='word_1_207' title='bbox 1149 3114 1253 3166; x_wconf 88' lang='lat' dir='ltr'>castra</span> <span class='ocrx_word' id='word_1_208' title='bbox 1267 3103 1408 3166; x_wconf 89' lang='lat' dir='ltr'>consulis</span> <span class='ocrx_word' id='word_1_209' title='bbox 1424 3103 1554 3177; x_wconf 89' lang='lat' dir='ltr'>adisset,</span> 
     </span>
     <span class='ocr_line' id='line_1_26' title="bbox 399 3207 1555 3293; baseline -0.002 -22"><span class='ocrx_word' id='word_1_210' title='bbox 399 3208 490 3272; x_wconf 81' lang='lat' dir='ltr'>iuxta</span> <span class='ocrx_word' id='word_1_211' title='bbox 504 3210 680 3273; x_wconf 89' lang='lat' dir='ltr'>tentorium</span> <span class='ocrx_word' id='word_1_212' title='bbox 695 3210 803 3293; x_wconf 91' lang='lat' dir='ltr'>ipsum</span> <span class='ocrx_word' id='word_1_213' title='bbox 817 3210 883 3293; x_wconf 93' lang='lat' dir='ltr'>pilo</span> <span class='ocrx_word' id='word_1_214' title='bbox 899 3210 1008 3293; x_wconf 89' lang='lat' dir='ltr'>uigilis</span> <span class='ocrx_word' id='word_1_215' title='bbox 1032 3220 1184 3291; x_wconf 86' lang='lat' dir='ltr'>exceptus</span> <span class='ocrx_word' id='word_1_216' title='bbox 1207 3219 1266 3271; x_wconf 89' lang='lat' dir='ltr'>est.</span> <span class='ocrx_word' id='word_1_217' title='bbox 1298 3220 1439 3272; x_wconf 90' lang='lat' dir='ltr'>ceterum</span> <span class='ocrx_word' id='word_1_218' title='bbox 1463 3207 1555 3271; x_wconf 89' lang='lat' dir='ltr'>Lusi-</span> 
     </span>
    </p>

    <p class='ocr_par' dir='ltr' id='par_1_6' title="bbox 358 3313 1557 3821">
     <span class='ocr_line' id='line_1_27' title="bbox 358 3313 1557 3398; baseline 0.001 -24"><span class='ocrx_word' id='word_1_219' title='bbox 358 3322 385 3373; x_wconf 76' lang='lat' dir='ltr'>ta</span> <span class='ocrx_word' id='word_1_220' title='bbox 401 3325 491 3378; x_wconf 87' lang='lat' dir='ltr'>tanos</span> <span class='ocrx_word' id='word_1_221' title='bbox 507 3314 652 3379; x_wconf 90' lang='lat' dir='ltr'>Viriatus</span> <span class='ocrx_word' id='word_1_222' title='bbox 669 3316 781 3392; x_wconf 85' lang='lat' dir='ltr'>erexit,</span> <span class='ocrx_word' id='word_1_223' title='bbox 798 3315 850 3378; x_wconf 92' lang='lat' dir='ltr'>uir</span> <span class='ocrx_word' id='word_1_224' title='bbox 865 3314 1050 3379; x_wconf 89' lang='lat' dir='ltr'>calliditatis</span> <span class='ocrx_word' id='word_1_225' title='bbox 1069 3313 1250 3377; x_wconf 90' lang='lat' dir='ltr'>acerrimae.</span> <span class='ocrx_word' id='word_1_226' title='bbox 1276 3314 1332 3398; x_wconf 92' lang='lat' dir='ltr'>qui</span> <span class='ocrx_word' id='word_1_227' title='bbox 1347 3337 1387 3377; x_wconf 88' lang='lat' dir='ltr'>ex</span> <span class='ocrx_word' id='word_1_228' title='bbox 1402 3324 1557 3377; x_wconf 90' lang='lat' dir='ltr'>uenatore</span> 
     </span>
     <span class='ocr_line' id='line_1_28' title="bbox 400 3420 1555 3503; baseline -0.004 -17"><span class='ocrx_word' id='word_1_229' title='bbox 400 3422 500 3497; x_wconf 90' lang='lat' dir='ltr'>latro,</span> <span class='ocrx_word' id='word_1_230' title='bbox 524 3441 566 3483; x_wconf 85' lang='lat' dir='ltr'>ex</span> <span class='ocrx_word' id='word_1_231' title='bbox 580 3421 704 3483; x_wconf 87' lang='lat' dir='ltr'>latrone</span> <span class='ocrx_word' id='word_1_232' title='bbox 720 3421 826 3485; x_wconf 92' lang='lat' dir='ltr'>subito</span> <span class='ocrx_word' id='word_1_233' title='bbox 841 3423 908 3485; x_wconf 84' lang='lat' dir='ltr'>dux</span> <span class='ocrx_word' id='word_1_234' title='bbox 924 3424 1027 3503; x_wconf 91' lang='lat' dir='ltr'>adque</span> <span class='ocrx_word' id='word_1_235' title='bbox 1042 3420 1215 3502; x_wconf 84' lang='lat' dir='ltr'>imperator</span> <span class='ocrx_word' id='word_1_236' title='bbox 1230 3430 1280 3496; x_wconf 90' lang='lat' dir='ltr'>et,</span> <span class='ocrx_word' id='word_1_237' title='bbox 1303 3420 1331 3483; x_wconf 91' lang='lat' dir='ltr'>si</span> <span class='ocrx_word' id='word_1_238' title='bbox 1345 3420 1475 3482; x_wconf 88' lang='lat' dir='ltr'>fortuna</span> <span class='ocrx_word' id='word_1_239' title='bbox 1490 3440 1555 3481; x_wconf 91' lang='lat' dir='ltr'>ces·</span> 
     </span>
     <span class='ocr_line' id='line_1_29' title="bbox 401 3525 1556 3610; baseline -0.004 -20"><span class='ocrx_word' id='word_1_240' title='bbox 401 3527 512 3603; x_wconf 87' lang='lat' dir='ltr'>sisset,</span> <span class='ocrx_word' id='word_1_241' title='bbox 542 3525 722 3610; x_wconf 87' lang='lat' dir='ltr'>Hispaniae</span> <span class='ocrx_word' id='word_1_242' title='bbox 745 3527 923 3602; x_wconf 90' lang='lat' dir='ltr'>Romulus,</span> <span class='ocrx_word' id='word_1_243' title='bbox 951 3548 1018 3589; x_wconf 93' lang='lat' dir='ltr'>non</span> <span class='ocrx_word' id='word_1_244' title='bbox 1041 3536 1212 3588; x_wconf 90' lang='lat' dir='ltr'>contentus</span> <span class='ocrx_word' id='word_1_245' title='bbox 1228 3525 1410 3588; x_wconf 89' lang='lat' dir='ltr'>libertatem</span> <span class='ocrx_word' id='word_1_246' title='bbox 1424 3544 1556 3586; x_wconf 89' lang='lat' dir='ltr'>suorum</span> 
     </span>
     <span class='ocr_line' id='line_1_30' title="bbox 400 3610 1554 3714; baseline -0.006 -17"><span class='ocrx_word' id='word_1_247' title='bbox 400 3634 580 3707; x_wconf 88' lang='lat' dir='ltr'>defendere,</span> <span class='ocrx_word' id='word_1_248' title='bbox 597 3653 654 3714; x_wconf 90' lang='lat' dir='ltr'>per</span> <span class='ocrx_word' id='word_1_249' title='bbox 669 3631 925 3714; x_wconf 90' lang='lat' dir='ltr'>quattuordecim</span> <span class='ocrx_word' id='word_1_250' title='bbox 941 3653 1042 3694; x_wconf 88' lang='lat' dir='ltr'>annos</span> <span class='ocrx_word' id='word_1_251' title='bbox 1058 3630 1167 3693; x_wconf 90' lang='lat' dir='ltr'>omnia</span> <span class='ocrx_word' id='word_1_252' title='bbox 1188 3629 1267 3692; x_wconf 90' lang='lat' dir='ltr'>citra</span> <span class='ocrx_word' id='word_1_253' title='bbox 1288 3610 1436 3711; x_wconf 80' lang='lat' dir='ltr'>ultraque</span> <span class='ocrx_word' id='word_1_254' title='bbox 1452 3628 1554 3691; x_wconf 91' lang='lat' dir='ltr'>Hibe-</span> 
     </span>
     <span class='ocr_line' id='line_1_31' title="bbox 398 3733 1555 3821; baseline -0.005 -18"><span class='ocrx_word' id='word_1_255' title='bbox 398 3740 508 3803; x_wconf 89' lang='lat' dir='ltr'>berum</span> <span class='ocrx_word' id='word_1_256' title='bbox 531 3748 565 3801; x_wconf 87' lang='lat' dir='ltr'>et</span> <span class='ocrx_word' id='word_1_257' title='bbox 586 3738 713 3821; x_wconf 86' lang='lat' dir='ltr'>Tagum</span> <span class='ocrx_word' id='word_1_258' title='bbox 728 3737 797 3821; x_wconf 90' lang='lat' dir='ltr'>igni</span> <span class='ocrx_word' id='word_1_259' title='bbox 811 3738 956 3820; x_wconf 91' lang='lat' dir='ltr'>ferroque</span> <span class='ocrx_word' id='word_1_260' title='bbox 971 3736 1161 3820; x_wconf 87' lang='lat' dir='ltr'>populatus,</span> <span class='ocrx_word' id='word_1_261' title='bbox 1187 3743 1289 3796; x_wconf 87' lang='lat' dir='ltr'>castra</span> <span class='ocrx_word' id='word_1_262' title='bbox 1312 3733 1409 3797; x_wconf 90' lang='lat' dir='ltr'>etiam</span> <span class='ocrx_word' id='word_1_263' title='bbox 1431 3745 1555 3819; x_wconf 88' lang='lat' dir='ltr'>praeto·</span> 
     </span>
    </p>
   </div>
   <div class='ocr_carea' id='block_1_4' title="bbox 400 4008 1560 4758">
    <p class='ocr_par' dir='ltr' id='par_1_7' title="bbox 400 4008 1560 4758">
     <span class='ocr_line' id='line_1_32' title="bbox 403 4008 1553 4081; baseline 0.001 -19"><span class='ocrx_word' id='word_1_264' title='bbox 403 4012 413 4061; x_wconf 92' lang='lat' dir='ltr'>l</span> <span class='ocrx_word' id='word_1_265' title='bbox 428 4010 498 4063; x_wconf 89' lang='lat' dir='ltr'>etad</span> <span class='ocrx_word' id='word_1_266' title='bbox 509 4009 539 4063; x_wconf 90' lang='lat' dir='ltr'>id</span> <span class='ocrx_word' id='word_1_267' title='bbox 550 4010 710 4079; x_wconf 87' lang='lat' dir='ltr'>temporisN</span> <span class='ocrx_word' id='word_1_268' title='bbox 719 4010 729 4080; x_wconf 97' lang='grc' dir='ltr'>Η</span> <span class='ocrx_word' id='word_1_269' title='bbox 743 4014 757 4063; x_wconf 83' lang='lat'><strong>2</strong></span> <span class='ocrx_word' id='word_1_270' title='bbox 770 4010 831 4063; x_wconf 90' lang='lat' dir='ltr'>ideo</span> <span class='ocrx_word' id='word_1_271' title='bbox 843 4022 868 4062; x_wconf 93' lang='lat' dir='ltr'><em>N</em></span> <span class='ocrx_word' id='word_1_272' title='bbox 879 4011 887 4079; x_wconf 90' lang='grc' dir='ltr'>ΗΗ</span> <span class='ocrx_word' id='word_1_273' title='bbox 902 4013 916 4062; x_wconf 88' lang='grc'>3</span> <span class='ocrx_word' id='word_1_274' title='bbox 930 4008 1121 4079; x_wconf 83' lang='lat' dir='ltr'>ingruentibus</span> <span class='ocrx_word' id='word_1_275' title='bbox 1132 4020 1152 4061; x_wconf 97' lang='grc' dir='ltr'><em>Β</em></span> <span class='ocrx_word' id='word_1_276' title='bbox 1164 4009 1173 4080; x_wconf 90' lang='grc' dir='ltr'>ΗΗ</span> <span class='ocrx_word' id='word_1_277' title='bbox 1186 4013 1202 4061; x_wconf 87' lang='grc'>4</span> <span class='ocrx_word' id='word_1_278' title='bbox 1214 4009 1323 4063; x_wconf 72' lang='lat' dir='ltr'>rubore</span> <span class='ocrx_word' id='word_1_279' title='bbox 1336 4012 1346 4081; x_wconf 92' lang='grc' dir='ltr'>ΗΗ</span> <span class='ocrx_word' id='word_1_280' title='bbox 1358 4010 1469 4080; x_wconf 87' lang='lat' dir='ltr'>aliquod</span> <span class='ocrx_word' id='word_1_281' title='bbox 1480 4020 1525 4063; x_wconf 79' lang='lat' dir='ltr'>BN</span> <span class='ocrx_word' id='word_1_282' title='bbox 1544 4010 1553 4079; x_wconf 97' lang='grc' dir='ltr'>Η</span> 
     </span>
     <span class='ocr_line' id='line_1_33' title="bbox 403 4078 1559 4166; baseline -0.002 -18"><span class='ocrx_word' id='word_1_283' title='bbox 403 4107 544 4165; x_wconf 58' lang='lat' dir='ltr'>measa</span> <span class='ocrx_word' id='word_1_284' title='bbox 557 4095 565 4165; x_wconf 93' lang='grc' dir='ltr'>ΗΗ</span> <span class='ocrx_word' id='word_1_285' title='bbox 580 4098 595 4146; x_wconf 82' lang='grc'><strong>5</strong></span> <span class='ocrx_word' id='word_1_286' title='bbox 608 4112 765 4164; x_wconf 88' lang='lat' dir='ltr'>graccorum</span> <span class='ocrx_word' id='word_1_287' title='bbox 782 4107 801 4147; x_wconf 93' lang='grc' dir='ltr'><em>Β</em></span> <span class='ocrx_word' id='word_1_288' title='bbox 819 4094 828 4164; x_wconf 91' lang='grc' dir='ltr'>ΗΗ</span> <span class='ocrx_word' id='word_1_289' title='bbox 848 4098 861 4145; x_wconf 78' lang='grc' dir='ltr'><strong><em>Ἰ</em></strong></span> <span class='ocrx_word' id='word_1_290' title='bbox 881 4094 981 4147; x_wconf 87' lang='lat' dir='ltr'>meruit</span> <span class='ocrx_word' id='word_1_291' title='bbox 998 4112 1040 4145; x_wconf 90' lang='lat' dir='ltr'>om</span> <span class='ocrx_word' id='word_1_292' title='bbox 1058 4105 1084 4145; x_wconf 89' lang='lat' dir='ltr'><em>N</em></span> <span class='ocrx_word' id='word_1_293' title='bbox 1099 4093 1108 4162; x_wconf 92' lang='grc' dir='ltr'>ΗΗ</span> <span class='ocrx_word' id='word_1_294' title='bbox 1128 4102 1156 4147; x_wconf 91' lang='lat' dir='ltr'>et</span> <span class='ocrx_word' id='word_1_295' title='bbox 1173 4113 1215 4147; x_wconf 87' lang='lat' dir='ltr'>om</span> <span class='ocrx_word' id='word_1_296' title='bbox 1234 4107 1260 4146; x_wconf 97' lang='lat' dir='ltr'><em>N</em></span> <span class='ocrx_word' id='word_1_297' title='bbox 1271 4095 1279 4166; x_wconf 91' lang='grc' dir='ltr'>ΗΗ</span> <span class='ocrx_word' id='word_1_298' title='bbox 1298 4078 1492 4149; x_wconf 83' lang='lat' dir='ltr'>cantabriamB</span> <span class='ocrx_word' id='word_1_299' title='bbox 1510 4094 1519 4164; x_wconf 90' lang='grc' dir='ltr'>ΗΗ</span> <span class='ocrx_word' id='word_1_300' title='bbox 1540 4098 1559 4146; x_wconf 69' lang='lat'>3,</span> 
     </span>
     <span class='ocr_line' id='line_1_34' title="bbox 400 4177 1554 4250; baseline -0.002 -18"><span class='ocrx_word' id='word_1_301' title='bbox 400 4179 572 4233; x_wconf 86' lang='lat' dir='ltr'>memorabile</span> <span class='ocrx_word' id='word_1_302' title='bbox 583 4192 607 4232; x_wconf 91' lang='lat' dir='ltr'><em>N</em></span> <span class='ocrx_word' id='word_1_303' title='bbox 619 4179 628 4249; x_wconf 92' lang='grc' dir='ltr'>ΗΗ</span> <span class='ocrx_word' id='word_1_304' title='bbox 641 4179 809 4233; x_wconf 88' lang='lat' dir='ltr'>nectobricae</span> <span class='ocrx_word' id='word_1_305' title='bbox 820 4191 847 4242; x_wconf 87' lang='grc' dir='ltr'>Β,</span> <span class='ocrx_word' id='word_1_306' title='bbox 862 4178 1027 4247; x_wconf 87' lang='lat' dir='ltr'>nersobrigis</span> <span class='ocrx_word' id='word_1_307' title='bbox 1039 4190 1064 4229; x_wconf 93' lang='lat' dir='ltr'><em>N</em></span> <span class='ocrx_word' id='word_1_308' title='bbox 1074 4180 1082 4247; x_wconf 87' lang='grc' dir='ltr'>ΗΗ</span> <span class='ocrx_word' id='word_1_309' title='bbox 1095 4183 1111 4230; x_wconf 78' lang='grc'>9</span> <span class='ocrx_word' id='word_1_310' title='bbox 1124 4180 1245 4249; x_wconf 89' lang='lat' dir='ltr'>pepercit</span> <span class='ocrx_word' id='word_1_311' title='bbox 1255 4193 1280 4232; x_wconf 91' lang='lat' dir='ltr'><em>N</em></span> <span class='ocrx_word' id='word_1_312' title='bbox 1290 4180 1299 4250; x_wconf 91' lang='grc' dir='ltr'>ΗΗ</span> <span class='ocrx_word' id='word_1_313' title='bbox 1313 4181 1358 4234; x_wconf 89' lang='lat' dir='ltr'>ille</span> <span class='ocrx_word' id='word_1_314' title='bbox 1371 4179 1455 4249; x_wconf 89' lang='lat' dir='ltr'>scipio</span> <span class='ocrx_word' id='word_1_315' title='bbox 1466 4191 1486 4231; x_wconf 90' lang='grc' dir='ltr'><em>Β</em></span> <span class='ocrx_word' id='word_1_316' title='bbox 1498 4177 1507 4247; x_wconf 90' lang='grc' dir='ltr'>ΗΗ</span> <span class='ocrx_word' id='word_1_317' title='bbox 1524 4181 1554 4231; x_wconf 87' lang='grc'>10</span> 
     </span>
     <span class='ocr_line' id='line_1_35' title="bbox 400 4263 1555 4335; baseline -0.002 -17"><span class='ocrx_word' id='word_1_318' title='bbox 400 4271 590 4334; x_wconf 87' lang='lat' dir='ltr'>prouocatosN</span> <span class='ocrx_word' id='word_1_319' title='bbox 602 4263 611 4334; x_wconf 92' lang='grc' dir='ltr'>ΗΗ</span> <span class='ocrx_word' id='word_1_320' title='bbox 627 4267 657 4317; x_wconf 79' lang='lat'>12</span> <span class='ocrx_word' id='word_1_321' title='bbox 670 4264 798 4334; x_wconf 81' lang='lat' dir='ltr'>galleciae</span> <span class='ocrx_word' id='word_1_322' title='bbox 810 4275 835 4317; x_wconf 89' lang='lat' dir='ltr'><em>N</em></span> <span class='ocrx_word' id='word_1_323' title='bbox 845 4265 854 4334; x_wconf 91' lang='grc' dir='ltr'>ΗΗ</span> <span class='ocrx_word' id='word_1_324' title='bbox 867 4263 1009 4334; x_wconf 80' lang='lat' dir='ltr'>populusB</span> <span class='ocrx_word' id='word_1_325' title='bbox 1022 4263 1030 4332; x_wconf 92' lang='grc' dir='ltr'>ΗΗ</span> <span class='ocrx_word' id='word_1_326' title='bbox 1048 4266 1076 4315; x_wconf 89' lang='grc'>13</span> <span class='ocrx_word' id='word_1_327' title='bbox 1089 4263 1208 4317; x_wconf 87' lang='lat' dir='ltr'>fluminis</span> <span class='ocrx_word' id='word_1_328' title='bbox 1220 4276 1239 4317; x_wconf 91' lang='grc' dir='ltr'><em>Β</em></span> <span class='ocrx_word' id='word_1_329' title='bbox 1252 4264 1260 4333; x_wconf 89' lang='grc' dir='ltr'>ΗΗ</span> <span class='ocrx_word' id='word_1_330' title='bbox 1276 4268 1306 4317; x_wconf 84' lang='grc'>15</span> <span class='ocrx_word' id='word_1_331' title='bbox 1320 4266 1415 4335; x_wconf 89' lang='lat' dir='ltr'>igneN</span> <span class='ocrx_word' id='word_1_332' title='bbox 1424 4264 1433 4332; x_wconf 97' lang='grc' dir='ltr'>Η</span> <span class='ocrx_word' id='word_1_333' title='bbox 1447 4263 1555 4316; x_wconf 88' lang='lat' dir='ltr'>horrere</span> 
     </span>
     <span class='ocr_line' id='line_1_36' title="bbox 401 4348 1555 4420; baseline -0.001 -19"><span class='ocrx_word' id='word_1_334' title='bbox 401 4349 444 4419; x_wconf 76' lang='grc' dir='ltr'>ΝΗ</span> <span class='ocrx_word' id='word_1_335' title='bbox 458 4350 707 4420; x_wconf 83' lang='lat' dir='ltr'>16deprehenditN</span> <span class='ocrx_word' id='word_1_336' title='bbox 718 4351 726 4419; x_wconf 91' lang='grc' dir='ltr'>ΗΗ</span> <span class='ocrx_word' id='word_1_337' title='bbox 740 4354 912 4403; x_wconf 82' lang='lat' dir='ltr'>20motusN:</span> <span class='ocrx_word' id='word_1_338' title='bbox 925 4355 1076 4402; x_wconf 84' lang='lat' dir='ltr'>mortuusB</span> <span class='ocrx_word' id='word_1_339' title='bbox 1089 4348 1097 4418; x_wconf 91' lang='grc' dir='ltr'>ΗΗ</span> <span class='ocrx_word' id='word_1_340' title='bbox 1111 4349 1255 4419; x_wconf 72' lang='lat' dir='ltr'>uiacrapsi:</span> <span class='ocrx_word' id='word_1_341' title='bbox 1269 4357 1333 4413; x_wconf 74' lang='lat' dir='ltr'>uta,</span> <span class='ocrx_word' id='word_1_342' title='bbox 1343 4361 1414 4401; x_wconf 76' lang='lat' dir='ltr'>ornN</span> <span class='ocrx_word' id='word_1_343' title='bbox 1425 4348 1433 4417; x_wconf 91' lang='grc' dir='ltr'>ΗΗ</span> <span class='ocrx_word' id='word_1_344' title='bbox 1447 4364 1555 4416; x_wconf 87' lang='lat' dir='ltr'>oppres·</span> 
     </span>
     <span class='ocr_line' id='line_1_37' title="bbox 403 4430 1555 4505; baseline 0 -19"><span class='ocrx_word' id='word_1_345' title='bbox 403 4451 447 4486; x_wconf 87' lang='lat' dir='ltr'>sus</span> <span class='ocrx_word' id='word_1_346' title='bbox 459 4434 507 4487; x_wconf 89' lang='lat' dir='ltr'>sed</span> <span class='ocrx_word' id='word_1_347' title='bbox 519 4451 641 4488; x_wconf 87' lang='lat' dir='ltr'>summus</span> <span class='ocrx_word' id='word_1_348' title='bbox 652 4447 677 4487; x_wconf 92' lang='lat' dir='ltr'><em>N</em></span> <span class='ocrx_word' id='word_1_349' title='bbox 688 4434 696 4505; x_wconf 91' lang='grc' dir='ltr'>ΗΗ</span> <span class='ocrx_word' id='word_1_350' title='bbox 709 4433 825 4487; x_wconf 86' lang='lat' dir='ltr'>astutiae</span> <span class='ocrx_word' id='word_1_351' title='bbox 837 4432 947 4502; x_wconf 69' lang='grc' dir='ltr'>εονὶρείε</span> <span class='ocrx_word' id='word_1_352' title='bbox 961 4432 1088 4486; x_wconf 90' lang='lat' dir='ltr'>audaciae</span> <span class='ocrx_word' id='word_1_353' title='bbox 1100 4445 1134 4497; x_wconf 93' lang='grc' dir='ltr'><em>Β,</em></span> <span class='ocrx_word' id='word_1_354' title='bbox 1149 4440 1257 4488; x_wconf 87' lang='lat' dir='ltr'>astutus</span> <span class='ocrx_word' id='word_1_355' title='bbox 1269 4440 1297 4487; x_wconf 87' lang='lat' dir='ltr'>et</span> <span class='ocrx_word' id='word_1_356' title='bbox 1309 4432 1421 4487; x_wconf 89' lang='lat' dir='ltr'>audacie</span> <span class='ocrx_word' id='word_1_357' title='bbox 1432 4444 1455 4484; x_wconf 92' lang='lat' dir='ltr'><em>N</em></span> <span class='ocrx_word' id='word_1_358' title='bbox 1467 4430 1475 4472; x_wconf 83' lang='lat'>¹¹</span> <span class='ocrx_word' id='word_1_359' title='bbox 1491 4431 1513 4484; x_wconf 91' lang='lat' dir='ltr'>si</span> <span class='ocrx_word' id='word_1_360' title='bbox 1526 4451 1555 4486; x_wconf 92' lang='lat' dir='ltr'>re</span> 
     </span>
     <span class='ocr_line' id='line_1_38' title="bbox 403 4517 1556 4589; baseline -0.002 -18"><span class='ocrx_word' id='word_1_361' title='bbox 403 4519 525 4573; x_wconf 85' lang='lat' dir='ltr'>cessisset</span> <span class='ocrx_word' id='word_1_362' title='bbox 535 4532 561 4572; x_wconf 93' lang='lat' dir='ltr'><em>N</em></span> <span class='ocrx_word' id='word_1_363' title='bbox 578 4519 586 4587; x_wconf 91' lang='grc' dir='ltr'>ΗΗ</span> <span class='ocrx_word' id='word_1_364' title='bbox 606 4522 635 4571; x_wconf 78' lang='lat'>21</span> <span class='ocrx_word' id='word_1_365' title='bbox 652 4518 806 4571; x_wconf 89' lang='lat' dir='ltr'>solondicus</span> <span class='ocrx_word' id='word_1_366' title='bbox 825 4531 850 4571; x_wconf 90' lang='lat' dir='ltr'><em>N</em></span> <span class='ocrx_word' id='word_1_367' title='bbox 866 4518 875 4589; x_wconf 92' lang='grc' dir='ltr'>ΗΗ</span> <span class='ocrx_word' id='word_1_368' title='bbox 895 4524 979 4571; x_wconf 87' lang='lat' dir='ltr'>astam</span> <span class='ocrx_word' id='word_1_369' title='bbox 993 4529 1017 4569; x_wconf 92' lang='lat' dir='ltr'><em>N</em></span> <span class='ocrx_word' id='word_1_370' title='bbox 1034 4517 1042 4587; x_wconf 91' lang='grc' dir='ltr'>ΗΗ</span> <span class='ocrx_word' id='word_1_371' title='bbox 1056 4517 1133 4571; x_wconf 91' lang='lat' dir='ltr'>uelut</span> <span class='ocrx_word' id='word_1_372' title='bbox 1146 4519 1219 4572; x_wconf 92' lang='lat' dir='ltr'>caelo</span> <span class='ocrx_word' id='word_1_373' title='bbox 1238 4530 1264 4570; x_wconf 92' lang='lat' dir='ltr'><em>N</em></span> <span class='ocrx_word' id='word_1_374' title='bbox 1281 4518 1289 4587; x_wconf 92' lang='grc' dir='ltr'>ΗΗ</span> <span class='ocrx_word' id='word_1_375' title='bbox 1304 4522 1335 4571; x_wconf 82' lang='grc'>24</span> <span class='ocrx_word' id='word_1_376' title='bbox 1356 4517 1416 4586; x_wconf 86' lang='lat' dir='ltr'>ipso</span> <span class='ocrx_word' id='word_1_377' title='bbox 1427 4530 1452 4569; x_wconf 91' lang='lat' dir='ltr'><em>N</em></span> <span class='ocrx_word' id='word_1_378' title='bbox 1463 4517 1471 4588; x_wconf 91' lang='grc' dir='ltr'>ΗΗ</span> <span class='ocrx_word' id='word_1_379' title='bbox 1485 4517 1556 4587; x_wconf 90' lang='lat' dir='ltr'>uigi-</span> 
     </span>
     <span class='ocr_line' id='line_1_39' title="bbox 402 4601 1560 4674; baseline 0.003 -20"><span class='ocrx_word' id='word_1_380' title='bbox 402 4601 444 4655; x_wconf 91' lang='lat' dir='ltr'>liis</span> <span class='ocrx_word' id='word_1_381' title='bbox 460 4615 486 4656; x_wconf 91' lang='lat' dir='ltr'><em>N</em></span> <span class='ocrx_word' id='word_1_382' title='bbox 495 4604 504 4674; x_wconf 92' lang='grc' dir='ltr'>ΗΗ</span> <span class='ocrx_word' id='word_1_383' title='bbox 519 4608 550 4657; x_wconf 82' lang='lat'>27</span> <span class='ocrx_word' id='word_1_384' title='bbox 565 4609 736 4673; x_wconf 83' lang='lat' dir='ltr'>contemptus</span> <span class='ocrx_word' id='word_1_385' title='bbox 748 4615 767 4655; x_wconf 94' lang='grc' dir='ltr'><em>Β</em></span> <span class='ocrx_word' id='word_1_386' title='bbox 780 4603 788 4672; x_wconf 96' lang='grc' dir='ltr'>Η</span> <span class='ocrx_word' id='word_1_387' title='bbox 803 4606 834 4656; x_wconf 79' lang='lat'>28</span> <span class='ocrx_word' id='word_1_388' title='bbox 853 4609 983 4674; x_wconf 86' lang='lat' dir='ltr'>quattuor</span> <span class='ocrx_word' id='word_1_389' title='bbox 996 4616 1016 4656; x_wconf 88' lang='grc' dir='ltr'><em>Β</em></span> <span class='ocrx_word' id='word_1_390' title='bbox 1029 4601 1037 4672; x_wconf 96' lang='grc' dir='ltr'>Η</span> <span class='ocrx_word' id='word_1_391' title='bbox 1051 4604 1128 4657; x_wconf 90' lang='lat' dir='ltr'>annis</span> <span class='ocrx_word' id='word_1_392' title='bbox 1148 4605 1163 4657; x_wconf 83' lang='lat' dir='ltr'>b</span> <span class='ocrx_word' id='word_1_393' title='bbox 1176 4604 1184 4674; x_wconf 91' lang='grc' dir='ltr'>ΗΗ</span> <span class='ocrx_word' id='word_1_394' title='bbox 1198 4609 1312 4673; x_wconf 87' lang='lat' dir='ltr'>utraque</span> <span class='ocrx_word' id='word_1_395' title='bbox 1325 4604 1340 4655; x_wconf 82' lang='lat' dir='ltr'>b</span> <span class='ocrx_word' id='word_1_396' title='bbox 1353 4602 1363 4671; x_wconf 96' lang='grc' dir='ltr'>Η</span> <span class='ocrx_word' id='word_1_397' title='bbox 1376 4605 1408 4655; x_wconf 82' lang='grc'>29</span> <span class='ocrx_word' id='word_1_398' title='bbox 1421 4609 1449 4655; x_wconf 91' lang='lat' dir='ltr'>et</span> <span class='ocrx_word' id='word_1_399' title='bbox 1460 4618 1560 4671; x_wconf 77' lang='lat' dir='ltr'>agrrrm·</span> 
     </span>
     <span class='ocr_line' id='line_1_40' title="bbox 402 4688 708 4758; baseline 0 -19"><span class='ocrx_word' id='word_1_400' title='bbox 402 4700 425 4739; x_wconf 91' lang='lat' dir='ltr'><em>N</em></span> <span class='ocrx_word' id='word_1_401' title='bbox 435 4688 444 4756; x_wconf 90' lang='grc' dir='ltr'>ΗΗ</span> <span class='ocrx_word' id='word_1_402' title='bbox 456 4688 652 4758; x_wconf 89' lang='lat' dir='ltr'>praetoriorum</span> <span class='ocrx_word' id='word_1_403' title='bbox 663 4699 689 4740; x_wconf 90' lang='lat' dir='ltr'><em>N</em></span> <span class='ocrx_word' id='word_1_404' title='bbox 699 4689 708 4758; x_wconf 93' lang='grc' dir='ltr'>Η</span> 
     </span>
    </p>
   </div>
   <div class='ocr_carea' id='block_1_5' title="bbox 0 0 1918 5534">
    <p class='ocr_par' dir='ltr' id='par_1_8' title="bbox 0 0 1918 5534">
     <span class='ocr_line' id='line_1_41' title="bbox 0 0 1918 5534; baseline 0 0"><span class='ocrx_word' id='word_1_405' title='bbox 0 0 1918 5534; x_wconf 95' lang='lat' dir='ltr'> </span> 
     </span>
    </p>
   </div>
  </div>
 </body>
</html>
