3809 5534
780 581 978 627 ennrnr'no.
1439 573 1466 627 V

295 731 522 817 corrigendum
537 733 578 795 ad
600 730 774 795 Halmium
793 731 885 809 misi,
915 732 971 816 qui
993 754 1059 794 non
1081 733 1185 795 solum
1206 732 1347 795 codicem
1369 737 1463 797 llam-

293 839 485 921 bergensem
501 837 595 902 tertio
610 837 759 901 adhibuit
775 849 807 901 et
828 861 1046 922 quaecumque
1068 839 1120 900 uel
1142 837 1259 901 omissa
1281 839 1333 901 uel
1355 840 1463 905 minus

294 955 380 1006 recte
396 946 551 1007 adnotata
566 943 705 1026 repperit
720 965 847 1007 summa
861 945 925 1007 fide
947 944 1101 1020 correxit,
1127 946 1183 1007 scd
1204 944 1303 1007 ctiam
1325 969 1406 1029 quae
1428 947 1463 1009 in

295 1071 392 1132 opera
406 1071 480 1112 mea
493 1049 677 1133 inprobaret
692 1050 828 1114 candide
843 1049 1202 1134 indicauitctquacipse
1214 1049 1384 1113 inuenerat
1398 1074 1464 1115 rne-

295 1178 370 1218 cum
385 1155 656 1232 communicauit,
681 1178 745 1239 qua
766 1156 801 1219 in
823 1178 856 1219 rc
872 1156 942 1219 fieri
962 1179 1028 1220 non
1043 1156 1150 1240 potuit
1165 1157 1243 1239 quin
1259 1157 1347 1220 haud
1362 1180 1466 1242 pauca

295 1263 334 1324 ab
350 1261 463 1325 amicis
479 1261 701 1345 Lipsiensibus
718 1262 781 1325 sibi
795 1273 962 1346 praerepta
980 1262 1115 1325 uideret.
1148 1274 1181 1325 at
1202 1285 1261 1346 ego
1277 1264 1463 1347 opportuni-

296 1378 361 1430 tate
382 1368 466 1430 mihi
481 1368 586 1431 oblata
603 1370 709 1432 denuo
732 1369 841 1433 omnia
856 1379 1001 1432 accurate
1016 1369 1235 1453 perpendendi
1250 1391 1377 1432 summa
1391 1392 1465 1433 cum

296 1475 361 1536 fide
382 1495 460 1536 usus
484 1496 566 1538 sum.
599 1476 646 1538 ite
671 1477 793 1539 factum
819 1485 925 1539 estut
949 1496 1025 1537 cura
1045 1485 1141 1557 atque
1163 1474 1332 1557 diligentia
1345 1475 1465 1538 maiore

297 1600 394 1661 quam
409 1601 490 1662 quae
505 1582 545 1643 ab
561 1603 626 1643 uno
641 1582 772 1644 homine
788 1580 932 1644 adhiberi
948 1582 1029 1643 solet
1041 1592 1073 1643 ct
1088 1602 1164 1643 uero
1182 1590 1287 1663 potest
1303 1580 1465 1663 scriptoris

295 1685 392 1748 huius
408 1688 508 1750 uerba
524 1697 659 1750 tractata
674 1686 750 1750 sint.
784 1698 942 1770 quantum
963 1709 1039 1749 uero
1062 1685 1097 1748 in
1120 1687 1181 1749 hoc
1200 1686 1331 1769 negotio
1353 1687 1464 1750 amicis

296 1791 433 1875 egregiis
457 1794 610 1869 debeam,
638 1793 672 1855 id
693 1815 760 1856 non
775 1815 816 1855 ex
839 1793 884 1856 eis
906 1793 985 1856 locis
1008 1792 1253 1856 diiudicandum
1274 1804 1323 1856 cst
1349 1792 1466 1876 quibus

295 1920 415 1961 nomen
430 1920 542 1963 eorum
555 1899 754 1982 adscriptum
775 1899 905 1982 legitur.
924 1898 1110 1981 saepissime
1125 1897 1212 1961 enim
1227 1900 1267 1961 ab
1290 1898 1335 1962 eis
1356 1900 1465 1961 admo-

294 2004 384 2067 nitus
401 2013 459 2066 aut
473 1985 573 2087 praua
587 2004 713 2068 deserui
728 2015 784 2067 aut
799 2007 838 2067 cd
855 2027 892 2068 ca
907 2004 1121 2080 inuenicnda,
1139 2027 1221 2087 qnae
1236 2003 1319 2066 mihi
1335 2004 1465 2087 quidem

296 2131 375 2171 uera
388 2109 461 2173 uisa
476 2121 564 2189 sunt,
583 2113 742 2198 adductae
757 2134 840 2174 sum.

370 2216 488 2279 Codice
503 2216 602 2301 igitur
616 2217 829 2282 bibliothecae
842 2216 1086 2299 llambergensis
1103 2218 1144 2297 (ll
1161 2217 1229 2292 III,
1248 2221 1301 2299 22)
1317 2217 1351 2278 in
1367 2239 1465 2280 morn-

295 2321 404 2386 branis
419 2322 522 2385 forma
538 2325 692 2406 quadrata
706 2323 829 2387 minore
845 2323 975 2406 scripto,
995 2322 1202 2385 continentur
1210 2343 1466 2387 nnnsrrsrmon

297 2447 460 2491 nisronrn
477 2431 603 2493 saeculo
619 2430 743 2494 decimo
759 2430 875 2512 scripta
893 2432 928 2512 <p
949 2434 1062 2505 1-32,
1076 2430 1111 2491 cf
1122 2430 1245 2492 Iaeckii
1260 2429 1432 2511 descriptio
1449 2432 1464 2492 l

296 2540 395 2616 pot,
421 2536 523 2617 489);
553 2556 766 2601 snavrnnrvn
790 2556 882 2599 inser
905 2535 1033 2597 sacculo
1055 2534 1225 2596 undecimo
1254 2534 1409 2616 scriptum
1431 2538 1466 2615 (p

300 2646 445 2716 33-52,
471 2641 507 2703 cs
524 2643 673 2705 laeckius
690 2644 708 2706 Ι
731 2665 753 2726 p
774 2649 850 2718 135,
880 2644 1001 2721 1067);
1025 2659 1204 2701 sermons
1221 2659 1291 2701 rvnr
1307 2658 1405 2700 stom
1423 2659 1466 2701 ns

298 2767 375 2809 Tiro
390 2766 483 2809 n1v10
507 2768 685 2813 nnrtnonvn
706 2768 844 2811 onnrvn
866 2766 1033 2810 Annonvn
1050 2766 1354 2808 snrrrnosnronvn
1370 2764 1464 2806 nient

298 2874 329 2916 n·
344 2874 412 2917 nvo
428 2853 554 2916 saeculo
569 2874 655 2915 nono
671 2853 780 2937 scripti
797 2857 831 2936 (p
845 2858 1005 2927 63-214,
1022 2852 1058 2913 cf
1069 2851 1217 2914 Iaeekius
1234 2853 1251 2913 Ι
1267 2874 1288 2934 p
1303 2857 1354 2926 ot,
1375 2853 1461 2931 528).

298 2959 383 3022 Flori
398 2960 511 3035 codex,
529 2981 624 3042 quem
639 2968 668 3022 Β
682 2960 807 3037 notaui,
825 2959 902 3022 satis
917 2960 1000 3021 bene
1015 2957 1151 3040 scriptus
1167 2967 1226 3032 est,
1241 2960 1374 3020 sednon
1387 2979 1467 3020 sem-

298 3087 353 3148 per
368 3066 408 3128 ab
430 3067 541 3128 eadem
560 3088 671 3129 manu.
705 3066 752 3129 ita
775 3088 856 3149 quae
881 3065 916 3127 in
938 3065 999 3127 hac
1021 3063 1160 3126 editione
1185 3085 1206 3145 p
1226 3072 1303 3139 105,
1321 3069 1338 3125 9
1365 3085 1466 3145 usque

302 3176 372 3247 106,
402 3179 413 3232 1
434 3171 588 3253 leguntur
601 3171 752 3236 librarius
768 3171 913 3234 diuersus
931 3172 971 3233 ab
987 3191 1023 3232 co
1039 3169 1095 3251 qui
1110 3170 1232 3252 reliqua
1247 3169 1375 3251 scripsit
1389 3190 1461 3251 pro·

297 3276 365 3359 prio
381 3279 520 3359 quodam
536 3278 695 3342 scribendi
709 3300 825 3362 genere
841 3276 997 3340 exercuit.
1012 3275 1124 3338 multis
1140 3276 1218 3339 locis
1234 3276 1382 3339 librarius
1398 3275 1466 3358 ipse

297 3382 434 3445 correxit
450 3405 530 3465 quae
545 3406 644 3467 praue
659 3384 803 3466 posuisse
819 3382 880 3445 sibi
896 3382 1083 3456 uidebatu13
1110 3384 1196 3464 quod
1217 3382 1264 3445 ita
1279 3403 1403 3463 semper
1417 3379 1466 3442 in-

298 3488 405 3552 dicaui
434 3498 471 3551 ut
494 3488 511 3551 d
533 3490 678 3571 adposito
699 3503 845 3553 notarem
860 3490 946 3570 quod
966 3487 1054 3569 prius
1070 3487 1246 3570 scriptum,
1273 3496 1301 3549 Β
1317 3487 1402 3569 quod
1418 3506 1465 3546 se-

298 3596 403 3657 cundo
423 3595 495 3657 loco
517 3594 693 3676 repositum
721 3605 788 3671 est3
815 3596 903 3657 haud
926 3616 996 3656 raro
1020 3595 1177 3676 quaedam
1203 3593 1249 3654 ita
1276 3614 1364 3655 erasa
1390 3601 1468 3653 sunt

297 3710 333 3763 ut
348 3700 415 3762 iam
430 3700 495 3783 legi
510 3722 575 3763 non
601 3700 745 3783 possint,
778 3722 858 3784 quae
882 3699 1040 3762 asteriscis
1064 3698 1257 3780 significaui.
1291 3719 1395 3780 neque
1411 3697 1467 3760 ubi
1538 3745 1540 3748 -

279 3806 439 3868 secunda
465 3828 581 3869 manus
607 3811 763 3889 quaedam
778 3806 932 3882 correxit,
966 3807 1050 3888 quod
1073 3803 1236 3866 interdum
1259 3805 1464 3880 factumest,

297 3934 545 3975 commemorare
572 3912 607 3976 id
639 3914 779 3998 neglexi.
834 3912 966 3977 omnino
1001 3932 1127 3975 summa
1163 3933 1227 3993 qua
1261 3911 1331 3974 ficri
1358 3911 1466 3994 potuit

296 4017 467 4100 diligentia
495 4019 649 4082 adnotaui
680 4040 898 4103 quaecumque
919 4019 954 4081 in
984 4018 1045 4080 hoc
1074 4016 1182 4081 codice
1208 4019 1380 4101 leguntur,
1412 4039 1466 4079 ex-

296 4122 397 4205 ceptis
434 4122 627 4205 quibusdam
658 4124 931 4208 orthographicis,
970 4126 1009 4186 dc
1042 4122 1158 4205 quibus
1189 4125 1299 4188 statim
1329 4123 1464 4196 dicetur,

296 4228 343 4291 ita
359 4239 397 4292 ut
413 4249 451 4291 ea
467 4236 549 4311 qnae
564 4229 599 4292 in
615 4240 741 4292 textum
756 4230 861 4314 recepi
886 4231 997 4293 eodem
1012 4231 1108 4292 modo
1123 4228 1159 4290 in
1174 4236 1203 4291 B
1218 4228 1282 4311 legi
1307 4228 1466 4291 censenda

294 4333 378 4410 sint,
406 4333 471 4397 nisi
494 4334 587 4398 aliter
609 4337 800 4398 adnotatum
821 4346 880 4398 est.
921 4336 982 4398 hoc
1004 4357 1037 4397 rc
1059 4356 1136 4397 uera
1157 4333 1203 4398 ito
1225 4357 1258 4397 se
1280 4333 1397 4394 habere
1428 4341 1465 4394 ut

294 4440 373 4504 satis
397 4442 597 4504 confidenter
625 4444 792 4505 adfirmem
826 4440 954 4504 Halmii
990 4439 1195 4523 potissimum
1231 4461 1307 4502 cura
1344 4437 1461 4502 effecit.

293 4546 359 4609 nisi
382 4548 471 4629 quod
492 4569 513 4630 p
532 4554 590 4624 37,
617 4553 655 4611 25
672 4547 841 4632 quicquam
864 4548 1039 4631 legendum
1062 4557 1128 4622 est,
1168 4558 1205 4608 ut
1226 4555 1254 4608 Β
1268 4545 1387 4620 habet,
1417 4554 1464 4608 at·

293 4676 357 4737 que
379 4676 402 4737 p
420 4658 473 4730 61,
493 4661 510 4717 5
534 4655 756 4717 adnotandum
777 4664 844 4717 erat
859 4654 894 4716 in
909 4662 938 4716 Β
953 4652 1018 4736 legi
1038 4674 1123 4736 aqua
1138 4651 1284 4727 chiderit;
1315 4672 1337 4733 p
1354 4658 1407 4725 97,
1426 4655 1464 4710 29
