<?xml version="1.0" encoding="UTF-8"?>
<!DOCTYPE html PUBLIC "-//W3C//DTD XHTML 1.0 Transitional//EN"
    "http://www.w3.org/TR/xhtml1/DTD/xhtml1-transitional.dtd">
<html xmlns="http://www.w3.org/1999/xhtml" xml:lang="en" lang="en">
 <head>
  <title>
</title>
<meta http-equiv="Content-Type" content="text/html;charset=utf-8" />
  <meta name='ocr-system' content='tesseract 3.04.00' />
  <meta name='ocr-capabilities' content='ocr_page ocr_carea ocr_par ocr_line ocrx_word'/>
</head>
<body>
  <div class='ocr_page' id='page_1' title='image "./iulifloriepitom00florgoog_0053.png"; bbox 0 0 3809 5534; ppageno 0'>
   <div class='ocr_carea' id='block_1_1' title="bbox 774 569 1467 637">
    <p class='ocr_par' dir='ltr' id='par_1_1' title="bbox 774 569 1467 637">
     <span class='ocr_line' id='line_1_1' title="bbox 774 569 1467 637; baseline 0.012 -9"><span class='ocrx_word' id='word_1_1' title='bbox 774 569 972 629; x_wconf 59' lang='lat' dir='ltr'><strong>finissimo.</strong></span> <span class='ocrx_word' id='word_1_2' title='bbox 1349 575 1467 637; x_wconf 83' lang='lat' dir='ltr'>XLVII</span> 
     </span>
    </p>
   </div>
   <div class='ocr_carea' id='block_1_2' title="bbox 251 734 1469 4724">
    <p class='ocr_par' dir='ltr' id='par_1_2' title="bbox 288 734 1466 1348">
     <span class='ocr_line' id='line_1_2' title="bbox 288 734 1466 819; baseline 0 -16"><span class='ocrx_word' id='word_1_3' title='bbox 288 759 388 803; x_wconf 80' lang='lat' dir='ltr'><strong>nemo</strong></span> <span class='ocrx_word' id='word_1_4' title='bbox 423 757 525 801; x_wconf 88' lang='lat' dir='ltr'><strong>sanus</strong></span> <span class='ocrx_word' id='word_1_5' title='bbox 560 734 702 819; x_wconf 83' lang='lat' dir='ltr'><strong>cogitare</strong></span> <span class='ocrx_word' id='word_1_6' title='bbox 726 735 845 819; x_wconf 78' lang='lat' dir='ltr'>possit,</span> <span class='ocrx_word' id='word_1_7' title='bbox 873 735 1014 819; x_wconf 89' lang='lat' dir='ltr'><strong>ingenue</strong></span> <span class='ocrx_word' id='word_1_8' title='bbox 1045 736 1264 818; x_wconf 87' lang='lat' dir='ltr'><strong>profitendum</strong></span> <span class='ocrx_word' id='word_1_9' title='bbox 1296 749 1345 804; x_wconf 89' lang='lat' dir='ltr'><strong>est</strong></span> <span class='ocrx_word' id='word_1_10' title='bbox 1381 742 1466 807; x_wconf 87' lang='lat' dir='ltr'><strong>nihil</strong></span> 
     </span>
     <span class='ocr_line' id='line_1_3' title="bbox 288 840 1465 925; baseline 0.003 -16"><span class='ocrx_word' id='word_1_11' title='bbox 288 866 348 909; x_wconf 89' lang='lat' dir='ltr'><strong>nos</strong></span> <span class='ocrx_word' id='word_1_12' title='bbox 363 847 406 908; x_wconf 90' lang='lat' dir='ltr'><strong>de</strong></span> <span class='ocrx_word' id='word_1_13' title='bbox 422 842 512 908; x_wconf 91' lang='lat' dir='ltr'><strong>Iulio</strong></span> <span class='ocrx_word' id='word_1_14' title='bbox 520 843 621 906; x_wconf 85' lang='lat' dir='ltr'><strong>-Floru</strong></span> <span class='ocrx_word' id='word_1_15' title='bbox 635 842 733 917; x_wconf 73' lang='lat' dir='ltr'><strong>sciis,</strong></span> <span class='ocrx_word' id='word_1_16' title='bbox 757 841 821 905; x_wconf 89' lang='lat' dir='ltr'><strong>nisi</strong></span> <span class='ocrx_word' id='word_1_17' title='bbox 842 843 903 905; x_wconf 92' lang='lat' dir='ltr'><strong>sub</strong></span> <span class='ocrx_word' id='word_1_18' title='bbox 919 840 1088 905; x_wconf 89' lang='lat' dir='ltr'><strong>Hadriano</strong></span> <span class='ocrx_word' id='word_1_19' title='bbox 1110 863 1186 905; x_wconf 92' lang='lat' dir='ltr'><strong>eum</strong></span> <span class='ocrx_word' id='word_1_20' title='bbox 1205 842 1366 925; x_wconf 77' lang='lat' dir='ltr'><strong>epitomen</strong></span> <span class='ocrx_word' id='word_1_21' title='bbox 1381 847 1465 913; x_wconf 81' lang='lat' dir='ltr'><strong>hanc</strong></span> 
     </span>
     <span class='ocr_line' id='line_1_4' title="bbox 289 946 1465 1034; baseline 0.003 -19"><span class='ocrx_word' id='word_1_22' title='bbox 289 950 471 1034; x_wconf 69' lang='lat' dir='ltr'><strong>scripsisse.</strong></span> <span class='ocrx_word' id='word_1_23' title='bbox 513 967 659 1012; x_wconf 73' lang='lat' dir='ltr'><strong>nemea</strong></span> <span class='ocrx_word' id='word_1_24' title='bbox 687 967 765 1010; x_wconf 87' lang='lat' dir='ltr'><strong>sane</strong></span> <span class='ocrx_word' id='word_1_25' title='bbox 782 957 832 1011; x_wconf 87' lang='lat' dir='ltr'><strong>est</strong></span> <span class='ocrx_word' id='word_1_26' title='bbox 851 948 971 1012; x_wconf 87' lang='lat' dir='ltr'><strong>codicis</strong></span> <span class='ocrx_word' id='word_1_27' title='bbox 993 955 1023 1009; x_wconf 91' lang='lat' dir='ltr'><em>B</em></span> <span class='ocrx_word' id='word_1_28' title='bbox 1046 946 1238 1024; x_wconf 87' lang='lat' dir='ltr'><strong>auctoritas,</strong></span> <span class='ocrx_word' id='word_1_29' title='bbox 1275 960 1314 1012; x_wconf 91' lang='lat' dir='ltr'><strong>ut</strong></span> <span class='ocrx_word' id='word_1_30' title='bbox 1342 953 1465 1017; x_wconf 92' lang='lat' dir='ltr'><strong>Iulium</strong></span> 
     </span>
     <span class='ocr_line' id='line_1_5' title="bbox 289 1052 1463 1142; baseline 0.002 -22"><span class='ocrx_word' id='word_1_31' title='bbox 289 1056 399 1141; x_wconf 88' lang='lat' dir='ltr'><strong>potius</strong></span> <span class='ocrx_word' id='word_1_32' title='bbox 415 1075 515 1138; x_wconf 86' lang='lat' dir='ltr'><strong>quam</strong></span> <span class='ocrx_word' id='word_1_33' title='bbox 530 1056 702 1118; x_wconf 83' lang='lat' dir='ltr'><strong>Annaeum</strong></span> <span class='ocrx_word' id='word_1_34' title='bbox 717 1054 848 1117; x_wconf 86' lang='lat' dir='ltr'><strong>Florum</strong></span> <span class='ocrx_word' id='word_1_35' title='bbox 862 1073 1040 1117; x_wconf 87' lang='lat' dir='ltr'><strong>nocemus:</strong></span> <span class='ocrx_word' id='word_1_36' title='bbox 1060 1054 1116 1128; x_wconf 90' lang='lat' dir='ltr'><strong>sed</strong></span> <span class='ocrx_word' id='word_1_37' title='bbox 1131 1052 1159 1116; x_wconf 88' lang='lat' dir='ltr'><strong>si</strong></span> <span class='ocrx_word' id='word_1_38' title='bbox 1174 1052 1245 1135; x_wconf 91' lang='lat' dir='ltr'><strong>quis</strong></span> <span class='ocrx_word' id='word_1_39' title='bbox 1261 1068 1394 1137; x_wconf 87' lang='lat' dir='ltr'><strong>quaerat</strong></span> <span class='ocrx_word' id='word_1_40' title='bbox 1407 1058 1463 1142; x_wconf 90' lang='lat' dir='ltr'><strong>qui</strong></span> 
     </span>
     <span class='ocr_line' id='line_1_6' title="bbox 290 1157 1465 1241; baseline -0.008 -14"><span class='ocrx_word' id='word_1_41' title='bbox 290 1164 426 1227; x_wconf 81' lang='lat' dir='ltr'><strong>tandem</strong></span> <span class='ocrx_word' id='word_1_42' title='bbox 446 1161 572 1225; x_wconf 84' lang='lat' dir='ltr'><strong>facturn</strong></span> <span class='ocrx_word' id='word_1_43' title='bbox 588 1160 648 1235; x_wconf 88' lang='lat' dir='ltr'><strong>sit,</strong></span> <span class='ocrx_word' id='word_1_44' title='bbox 670 1168 708 1224; x_wconf 92' lang='lat' dir='ltr'><strong>ut</strong></span> <span class='ocrx_word' id='word_1_45' title='bbox 730 1180 789 1241; x_wconf 89' lang='lat' dir='ltr'><strong>pro</strong></span> <span class='ocrx_word' id='word_1_46' title='bbox 810 1159 896 1222; x_wconf 92' lang='lat' dir='ltr'><strong>Iulio</strong></span> <span class='ocrx_word' id='word_1_47' title='bbox 921 1157 1106 1241; x_wconf 80' lang='lat' dir='ltr'><strong>suppositus</strong></span> <span class='ocrx_word' id='word_1_48' title='bbox 1129 1157 1171 1220; x_wconf 91' lang='lat' dir='ltr'><strong>sit</strong></span> <span class='ocrx_word' id='word_1_49' title='bbox 1194 1180 1214 1221; x_wconf 85' lang='lat' dir='ltr'><strong>a</strong></span> <span class='ocrx_word' id='word_1_50' title='bbox 1234 1158 1374 1229; x_wconf 85' lang='lat' dir='ltr'><strong>librariis</strong></span> <span class='ocrx_word' id='word_1_51' title='bbox 1396 1170 1465 1232; x_wconf 80' lang='lat' dir='ltr'><strong>An.</strong></span> 
     </span>
     <span class='ocr_line' id='line_1_7' title="bbox 290 1264 1365 1348; baseline -0.001 -16"><span class='ocrx_word' id='word_1_52' title='bbox 290 1289 410 1344; x_wconf 86' lang='lat' dir='ltr'><strong>naeus,</strong></span> <span class='ocrx_word' id='word_1_53' title='bbox 429 1266 515 1330; x_wconf 89' lang='lat' dir='ltr'><strong>nihil</strong></span> <span class='ocrx_word' id='word_1_54' title='bbox 529 1266 635 1329; x_wconf 86' lang='lat' dir='ltr'><strong>habeo</strong></span> <span class='ocrx_word' id='word_1_55' title='bbox 647 1266 734 1327; x_wconf 91' lang='lat' dir='ltr'><strong>unde</strong></span> <span class='ocrx_word' id='word_1_56' title='bbox 749 1286 799 1328; x_wconf 90' lang='lat' dir='ltr'><strong>res</strong></span> <span class='ocrx_word' id='word_1_57' title='bbox 814 1275 882 1328; x_wconf 87' lang='lat' dir='ltr'><strong>tam</strong></span> <span class='ocrx_word' id='word_1_58' title='bbox 897 1264 1069 1348; x_wconf 87' lang='lat' dir='ltr'><strong>singularis</strong></span> <span class='ocrx_word' id='word_1_59' title='bbox 1085 1264 1238 1346; x_wconf 83' lang='lat' dir='ltr'><strong>explicari</strong></span> <span class='ocrx_word' id='word_1_60' title='bbox 1252 1266 1365 1348; x_wconf 88' lang='lat' dir='ltr'><strong>possit.</strong></span> 
     </span>
    </p>

    <p class='ocr_par' dir='ltr' id='par_1_3' title="bbox 251 1370 1469 3986">
     <span class='ocr_line' id='line_1_8' title="bbox 377 1370 1465 1455; baseline 0.003 -18"><span class='ocrx_word' id='word_1_61' title='bbox 377 1375 429 1437; x_wconf 91' lang='lat' dir='ltr'><strong>De</strong></span> <span class='ocrx_word' id='word_1_62' title='bbox 445 1371 599 1455; x_wconf 78' lang='lat' dir='ltr'><strong>scriptore</strong></span> <span class='ocrx_word' id='word_1_63' title='bbox 614 1370 692 1453; x_wconf 82' lang='lat' dir='ltr'><strong>quid</strong></span> <span class='ocrx_word' id='word_1_64' title='bbox 707 1391 748 1433; x_wconf 85' lang='lat' dir='ltr'><strong>ex</strong></span> <span class='ocrx_word' id='word_1_65' title='bbox 770 1370 851 1434; x_wconf 92' lang='lat' dir='ltr'><strong>libro</strong></span> <span class='ocrx_word' id='word_1_66' title='bbox 868 1371 937 1435; x_wconf 90' lang='lat' dir='ltr'><strong>eius</strong></span> <span class='ocrx_word' id='word_1_67' title='bbox 959 1370 1170 1435; x_wconf 87' lang='lat' dir='ltr'><strong>iudicandum</strong></span> <span class='ocrx_word' id='word_1_68' title='bbox 1192 1370 1235 1434; x_wconf 90' lang='lat' dir='ltr'><strong>sit</strong></span> <span class='ocrx_word' id='word_1_69' title='bbox 1253 1374 1378 1437; x_wconf 85' lang='lat' dir='ltr'><strong>nernini</strong></span> <span class='ocrx_word' id='word_1_70' title='bbox 1398 1376 1465 1441; x_wconf 82' lang='lat' dir='ltr'><strong>iam</strong></span> 
     </span>
     <span class='ocr_line' id='line_1_9' title="bbox 291 1475 1464 1553; baseline 0.003 -10"><span class='ocrx_word' id='word_1_71' title='bbox 291 1478 429 1543; x_wconf 90' lang='lat' dir='ltr'><strong>dubium</strong></span> <span class='ocrx_word' id='word_1_72' title='bbox 455 1487 519 1542; x_wconf 55' lang='lat' dir='ltr'><strong>este</strong></span> <span class='ocrx_word' id='word_1_73' title='bbox 550 1497 625 1540; x_wconf 89' lang='lat' dir='ltr'><strong>eum</strong></span> <span class='ocrx_word' id='word_1_74' title='bbox 649 1497 717 1539; x_wconf 89' lang='lat' dir='ltr'><strong>non</strong></span> <span class='ocrx_word' id='word_1_75' title='bbox 743 1475 933 1540; x_wconf 91' lang='lat' dir='ltr'><strong>historicum</strong></span> <span class='ocrx_word' id='word_1_76' title='bbox 960 1498 1042 1553; x_wconf 88' lang='lat' dir='ltr'><strong>esse,</strong></span> <span class='ocrx_word' id='word_1_77' title='bbox 1071 1478 1127 1540; x_wconf 89' lang='lat' dir='ltr'><strong>sed</strong></span> <span class='ocrx_word' id='word_1_78' title='bbox 1152 1476 1314 1541; x_wconf 81' lang='lat' dir='ltr'><strong>rhetorem</strong></span> <span class='ocrx_word' id='word_1_79' title='bbox 1338 1481 1464 1546; x_wconf 88' lang='lat' dir='ltr'><strong>dudum</strong></span> 
     </span>
     <span class='ocr_line' id='line_1_10' title="bbox 291 1582 1462 1666; baseline 0.003 -18"><span class='ocrx_word' id='word_1_80' title='bbox 291 1583 519 1649; x_wconf 73' lang='lat' dir='ltr'><strong>dissertatione</strong></span> <span class='ocrx_word' id='word_1_81' title='bbox 540 1584 680 1666; x_wconf 87' lang='lat' dir='ltr'><strong>quadam</strong></span> <span class='ocrx_word' id='word_1_82' title='bbox 700 1583 872 1665; x_wconf 88' lang='lat' dir='ltr'><strong>probatum</strong></span> <span class='ocrx_word' id='word_1_83' title='bbox 892 1582 955 1645; x_wconf 91' lang='lat' dir='ltr'><strong>iuit</strong></span> <span class='ocrx_word' id='word_1_84' title='bbox 978 1584 1117 1645; x_wconf 88' lang='lat' dir='ltr'><strong>Ioannes</strong></span> <span class='ocrx_word' id='word_1_85' title='bbox 1138 1582 1462 1653; x_wconf 83' lang='lat' dir='ltr'><strong>MichaelHeinzius</strong></span> 
     </span>
     <span class='ocr_line' id='line_1_11' title="bbox 251 1687 1464 1773; baseline 0.005 -20"><span class='ocrx_word' id='word_1_86' title='bbox 251 1705 258 1716; x_wconf 81' lang='grc'><strong>“</strong></span> <span class='ocrx_word' id='word_1_87' title='bbox 293 1688 492 1773; x_wconf 69' lang='lat' dir='ltr'><strong>syntagmati</strong></span> <span class='ocrx_word' id='word_1_88' title='bbox 506 1688 734 1771; x_wconf 73' lang='lat' dir='ltr'><strong>opusculorum</strong></span> <span class='ocrx_word' id='word_1_89' title='bbox 749 1709 771 1771; x_wconf 95' lang='lat' dir='ltr'><strong>p</strong></span> <span class='ocrx_word' id='word_1_90' title='bbox 787 1695 848 1752; x_wconf 83' lang='lat'><strong>260</strong></span> <span class='ocrx_word' id='word_1_91' title='bbox 864 1687 995 1752; x_wconf 88' lang='lat' dir='ltr'><strong>inserta.</strong></span> <span class='ocrx_word' id='word_1_92' title='bbox 1020 1709 1071 1751; x_wconf 87' lang='lat' dir='ltr'><strong>res</strong></span> <span class='ocrx_word' id='word_1_93' title='bbox 1091 1689 1131 1752; x_wconf 89' lang='lat' dir='ltr'><strong>ab</strong></span> <span class='ocrx_word' id='word_1_94' title='bbox 1153 1689 1226 1752; x_wconf 80' lang='lat' dir='ltr'><strong>aliis</strong></span> <span class='ocrx_word' id='word_1_95' title='bbox 1240 1691 1382 1756; x_wconf 79' lang='lat' dir='ltr'><strong>traditas</strong></span> <span class='ocrx_word' id='word_1_96' title='bbox 1395 1714 1464 1759; x_wconf 85' lang='lat' dir='ltr'><strong>nou</strong></span> 
     </span>
     <span class='ocr_line' id='line_1_12' title="bbox 292 1794 1464 1883; baseline 0.004 -24"><span class='ocrx_word' id='word_1_97' title='bbox 292 1795 422 1879; x_wconf 88' lang='lat' dir='ltr'><strong>abipso</strong></span> <span class='ocrx_word' id='word_1_98' title='bbox 442 1794 655 1878; x_wconf 86' lang='lat' dir='ltr'><strong>inuestigatas</strong></span> <span class='ocrx_word' id='word_1_99' title='bbox 676 1795 765 1857; x_wconf 89' lang='lat' dir='ltr'><strong>haud</strong></span> <span class='ocrx_word' id='word_1_100' title='bbox 783 1816 854 1858; x_wconf 90' lang='lat' dir='ltr'><strong>raro</strong></span> <span class='ocrx_word' id='word_1_101' title='bbox 874 1816 1002 1858; x_wconf 89' lang='lat' dir='ltr'><strong>summa</strong></span> <span class='ocrx_word' id='word_1_102' title='bbox 1030 1794 1238 1878; x_wconf 78' lang='lat' dir='ltr'><strong>neglegentia</strong></span> <span class='ocrx_word' id='word_1_103' title='bbox 1264 1799 1464 1883; x_wconf 70' lang='lat' dir='ltr'><strong>transcripsit</strong></span> 
     </span>
     <span class='ocr_line' id='line_1_13' title="bbox 291 1900 1464 1989; baseline 0.003 -24"><span class='ocrx_word' id='word_1_104' title='bbox 291 1902 339 1965; x_wconf 75' lang='lat' dir='ltr'><strong>ita</strong></span> <span class='ocrx_word' id='word_1_105' title='bbox 353 1900 526 1984; x_wconf 89' lang='lat' dir='ltr'><strong>dispositas</strong></span> <span class='ocrx_word' id='word_1_106' title='bbox 541 1910 659 1964; x_wconf 87' lang='lat' dir='ltr'><strong>utnon</strong></span> <span class='ocrx_word' id='word_1_107' title='bbox 675 1900 861 1965; x_wconf 87' lang='lat' dir='ltr'><strong>historicam</strong></span> <span class='ocrx_word' id='word_1_108' title='bbox 883 1902 992 1977; x_wconf 90' lang='lat' dir='ltr'><strong>fidem,</strong></span> <span class='ocrx_word' id='word_1_109' title='bbox 1018 1902 1074 1963; x_wconf 93' lang='lat' dir='ltr'><strong>sed</strong></span> <span class='ocrx_word' id='word_1_110' title='bbox 1089 1922 1161 1964; x_wconf 85' lang='lat' dir='ltr'><strong>cam</strong></span> <span class='ocrx_word' id='word_1_111' title='bbox 1175 1901 1464 1989; x_wconf 83' lang='lat' dir='ltr'><strong>imaginemrespi-</strong></span> 
     </span>
     <span class='ocr_line' id='line_1_14' title="bbox 293 2005 1465 2091; baseline 0.005 -21"><span class='ocrx_word' id='word_1_112' title='bbox 293 2018 397 2083; x_wconf 87' lang='lat' dir='ltr'><strong>ceret,</strong></span> <span class='ocrx_word' id='word_1_113' title='bbox 425 2027 524 2090; x_wconf 91' lang='lat' dir='ltr'><strong>quam</strong></span> <span class='ocrx_word' id='word_1_114' title='bbox 545 2005 608 2069; x_wconf 89' lang='lat' dir='ltr'><strong>sibi</strong></span> <span class='ocrx_word' id='word_1_115' title='bbox 622 2005 849 2071; x_wconf 87' lang='lat' dir='ltr'><strong>illustrandam</strong></span> <span class='ocrx_word' id='word_1_116' title='bbox 868 2005 1052 2089; x_wconf 83' lang='lat' dir='ltr'><strong>proposuit,</strong></span> <span class='ocrx_word' id='word_1_117' title='bbox 1081 2027 1123 2069; x_wconf 87' lang='lat' dir='ltr'><strong>ne</strong></span> <span class='ocrx_word' id='word_1_118' title='bbox 1144 2006 1230 2070; x_wconf 86' lang='lat' dir='ltr'><strong>hanc</strong></span> <span class='ocrx_word' id='word_1_119' title='bbox 1250 2008 1465 2091; x_wconf 50' lang='lat' dir='ltr'><strong>quidemr-,ut</strong></span> 
     </span>
     <span class='ocr_line' id='line_1_15' title="bbox 292 2110 1465 2194; baseline 0.003 -17"><span class='ocrx_word' id='word_1_120' title='bbox 292 2112 458 2188; x_wconf 89' lang='lat' dir='ltr'><strong>uidimus,</strong></span> <span class='ocrx_word' id='word_1_121' title='bbox 480 2112 520 2175; x_wconf 89' lang='lat' dir='ltr'><strong>ab</strong></span> <span class='ocrx_word' id='word_1_122' title='bbox 535 2110 605 2194; x_wconf 89' lang='lat' dir='ltr'><strong>ipso</strong></span> <span class='ocrx_word' id='word_1_123' title='bbox 619 2111 800 2176; x_wconf 88' lang='lat' dir='ltr'><strong>inuentam.</strong></span> <span class='ocrx_word' id='word_1_124' title='bbox 830 2112 1022 2175; x_wconf 87' lang='lat' dir='ltr'><strong>rhetoricam</strong></span> <span class='ocrx_word' id='word_1_125' title='bbox 1036 2132 1114 2174; x_wconf 86' lang='lat' dir='ltr'><strong>uero</strong></span> <span class='ocrx_word' id='word_1_126' title='bbox 1128 2110 1332 2194; x_wconf 80' lang='lat' dir='ltr'><strong>disciplinam</strong></span> <span class='ocrx_word' id='word_1_127' title='bbox 1347 2116 1381 2179; x_wconf 89' lang='lat' dir='ltr'><strong>in</strong></span> <span class='ocrx_word' id='word_1_128' title='bbox 1398 2127 1465 2181; x_wconf 81' lang='lat' dir='ltr'><strong>toto</strong></span> 
     </span>
     <span class='ocr_line' id='line_1_16' title="bbox 292 2216 1465 2300; baseline 0.003 -17"><span class='ocrx_word' id='word_1_129' title='bbox 292 2218 448 2294; x_wconf 88' lang='lat' dir='ltr'><strong>consilio,</strong></span> <span class='ocrx_word' id='word_1_130' title='bbox 472 2217 508 2279; x_wconf 89' lang='lat' dir='ltr'><strong>in</strong></span> <span class='ocrx_word' id='word_1_131' title='bbox 529 2238 635 2280; x_wconf 88' lang='lat' dir='ltr'><strong>rerum</strong></span> <span class='ocrx_word' id='word_1_132' title='bbox 655 2217 784 2293; x_wconf 85' lang='lat' dir='ltr'><strong>ordine,</strong></span> <span class='ocrx_word' id='word_1_133' title='bbox 807 2217 843 2280; x_wconf 89' lang='lat' dir='ltr'><strong>in</strong></span> <span class='ocrx_word' id='word_1_134' title='bbox 866 2216 1002 2300; x_wconf 82' lang='lat' dir='ltr'><strong>siugulis</strong></span> <span class='ocrx_word' id='word_1_135' title='bbox 1026 2236 1107 2298; x_wconf 91' lang='lat' dir='ltr'><strong>quae</strong></span> <span class='ocrx_word' id='word_1_136' title='bbox 1127 2216 1181 2278; x_wconf 92' lang='lat' dir='ltr'><strong>uel</strong></span> <span class='ocrx_word' id='word_1_137' title='bbox 1203 2223 1465 2287; x_wconf 88' lang='lat' dir='ltr'><strong>commemorauit</strong></span> 
     </span>
     <span class='ocr_line' id='line_1_17' title="bbox 294 2322 1465 2406; baseline 0.004 -17"><span class='ocrx_word' id='word_1_138' title='bbox 294 2326 350 2390; x_wconf 89' lang='lat' dir='ltr'><strong>uel</strong></span> <span class='ocrx_word' id='word_1_139' title='bbox 365 2322 475 2387; x_wconf 90' lang='lat' dir='ltr'><strong>omisit</strong></span> <span class='ocrx_word' id='word_1_140' title='bbox 492 2322 613 2406; x_wconf 84' lang='lat' dir='ltr'><strong>ubique</strong></span> <span class='ocrx_word' id='word_1_141' title='bbox 628 2343 800 2405; x_wconf 86' lang='lat' dir='ltr'><strong>agnoscere</strong></span> <span class='ocrx_word' id='word_1_142' title='bbox 814 2322 901 2386; x_wconf 86' lang='lat' dir='ltr'><strong>licet.</strong></span> <span class='ocrx_word' id='word_1_143' title='bbox 925 2322 992 2397; x_wconf 89' lang='lat' dir='ltr'><strong>ita,</strong></span> <span class='ocrx_word' id='word_1_144' title='bbox 1016 2332 1054 2385; x_wconf 92' lang='lat' dir='ltr'><strong>ut</strong></span> <span class='ocrx_word' id='word_1_145' title='bbox 1068 2322 1129 2385; x_wconf 92' lang='lat' dir='ltr'><strong>hoc</strong></span> <span class='ocrx_word' id='word_1_146' title='bbox 1144 2333 1236 2400; x_wconf 84' lang='lat' dir='ltr'><strong>utar,</strong></span> <span class='ocrx_word' id='word_1_147' title='bbox 1259 2325 1318 2388; x_wconf 91' lang='lat' dir='ltr'><strong>ubi</strong></span> <span class='ocrx_word' id='word_1_148' title='bbox 1331 2326 1465 2394; x_wconf 84' lang='lat' dir='ltr'><strong>Asinius</strong></span> 
     </span>
     <span class='ocr_line' id='line_1_18' title="bbox 295 2426 1464 2518; baseline 0.003 -24"><span class='ocrx_word' id='word_1_149' title='bbox 295 2430 390 2495; x_wconf 93' lang='lat' dir='ltr'><strong>Polio</strong></span> <span class='ocrx_word' id='word_1_150' title='bbox 423 2430 590 2492; x_wconf 81' lang='lat' dir='ltr'><strong>Delmatae</strong></span> <span class='ocrx_word' id='word_1_151' title='bbox 619 2428 734 2492; x_wconf 88' lang='lat' dir='ltr'><strong>uicisse</strong></span> <span class='ocrx_word' id='word_1_152' title='bbox 764 2439 911 2492; x_wconf 81' lang='lat' dir='ltr'><strong>narratur</strong></span> <span class='ocrx_word' id='word_1_153' title='bbox 939 2427 1029 2490; x_wconf 89' lang='lat' dir='ltr'><strong>addit</strong></span> <span class='ocrx_word' id='word_1_154' title='bbox 1057 2426 1110 2490; x_wconf 73' lang='lat' dir='ltr'><strong>laic</strong></span> <span class='ocrx_word' id='word_1_155' title='bbox 1137 2432 1296 2495; x_wconf 81' lang='lat' dir='ltr'><strong>secundas</strong></span> <span class='ocrx_word' id='word_1_156' title='bbox 1318 2443 1464 2518; x_wconf 83' lang='lat' dir='ltr'><strong>oratorp</strong></span> 
     </span>
     <span class='ocr_line' id='line_1_19' title="bbox 298 2532 1465 2618; baseline 0.003 -19"><span class='ocrx_word' id='word_1_157' title='bbox 298 2541 377 2612; x_wconf 84' lang='lat'><strong>116,</strong></span> <span class='ocrx_word' id='word_1_158' title='bbox 410 2542 466 2610; x_wconf 81' lang='lat'><strong>113</strong></span> <span class='ocrx_word' id='word_1_159' title='bbox 499 2553 588 2618; x_wconf 85' lang='lat' dir='ltr'><strong>quae</strong></span> <span class='ocrx_word' id='word_1_160' title='bbox 607 2533 705 2597; x_wconf 90' lang='lat' dir='ltr'><strong>multi</strong></span> <span class='ocrx_word' id='word_1_161' title='bbox 738 2534 947 2617; x_wconf 88' lang='lat' dir='ltr'><strong>suppositioia</strong></span> <span class='ocrx_word' id='word_1_162' title='bbox 977 2532 1192 2597; x_wconf 89' lang='lat' dir='ltr'><strong>crediderunt.</strong></span> <span class='ocrx_word' id='word_1_163' title='bbox 1230 2557 1345 2599; x_wconf 88' lang='lat' dir='ltr'><strong>uerum</strong></span> <span class='ocrx_word' id='word_1_164' title='bbox 1382 2539 1465 2603; x_wconf 88' lang='lat' dir='ltr'><strong>uidit</strong></span> 
     </span>
     <span class='ocr_line' id='line_1_20' title="bbox 295 2638 1466 2725; baseline -0.002 -17"><span class='ocrx_word' id='word_1_165' title='bbox 295 2640 557 2718; x_wconf 85' lang='lat' dir='ltr'><strong>Freinshemius,</strong></span> <span class='ocrx_word' id='word_1_166' title='bbox 588 2661 665 2704; x_wconf 86' lang='lat' dir='ltr'><strong>eum</strong></span> <span class='ocrx_word' id='word_1_167' title='bbox 686 2643 905 2704; x_wconf 86' lang='lat' dir='ltr'><strong>secunduma</strong></span> <span class='ocrx_word' id='word_1_168' title='bbox 931 2638 1085 2702; x_wconf 84' lang='lat' dir='ltr'><strong>Cicerone</strong></span> <span class='ocrx_word' id='word_1_169' title='bbox 1108 2650 1266 2703; x_wconf 91' lang='lat' dir='ltr'><strong>oratorem</strong></span> <span class='ocrx_word' id='word_1_170' title='bbox 1292 2642 1466 2725; x_wconf 75' lang='lat' dir='ltr'><strong>significari</strong></span> 
     </span>
     <span class='ocr_line' id='line_1_21' title="bbox 294 2743 1467 2830; baseline -0.001 -16"><span class='ocrx_word' id='word_1_171' title='bbox 294 2747 451 2814; x_wconf 83' lang='lat' dir='ltr'><strong>Asinium</strong></span> <span class='ocrx_word' id='word_1_172' title='bbox 472 2746 693 2830; x_wconf 77' lang='lat' dir='ltr'><strong>intellegeret,</strong></span> <span class='ocrx_word' id='word_1_173' title='bbox 724 2746 758 2810; x_wconf 91' lang='lat' dir='ltr'><strong>id</strong></span> <span class='ocrx_word' id='word_1_174' title='bbox 780 2748 865 2829; x_wconf 94' lang='lat' dir='ltr'><strong>quod</strong></span> <span class='ocrx_word' id='word_1_175' title='bbox 888 2747 1041 2808; x_wconf 86' lang='lat' dir='ltr'><strong>adnotare</strong></span> <span class='ocrx_word' id='word_1_176' title='bbox 1061 2743 1149 2809; x_wconf 91' lang='lat' dir='ltr'><strong>haud</strong></span> <span class='ocrx_word' id='word_1_177' title='bbox 1171 2767 1212 2809; x_wconf 84' lang='lat' dir='ltr'><strong>ex</strong></span> <span class='ocrx_word' id='word_1_178' title='bbox 1233 2768 1268 2809; x_wconf 90' lang='lat' dir='ltr'><strong>re</strong></span> <span class='ocrx_word' id='word_1_179' title='bbox 1287 2747 1396 2811; x_wconf 88' lang='lat' dir='ltr'><strong>uisum</strong></span> <span class='ocrx_word' id='word_1_180' title='bbox 1417 2760 1467 2814; x_wconf 90' lang='lat' dir='ltr'><strong>est</strong></span> 
     </span>
     <span class='ocr_line' id='line_1_22' title="bbox 294 2851 1466 2935; baseline 0 -18"><span class='ocrx_word' id='word_1_181' title='bbox 294 2852 429 2917; x_wconf 86' lang='lat' dir='ltr'><strong>rhetori.</strong></span> <span class='ocrx_word' id='word_1_182' title='bbox 469 2852 610 2935; x_wconf 87' lang='lat' dir='ltr'><strong>denique</strong></span> <span class='ocrx_word' id='word_1_183' title='bbox 626 2863 717 2916; x_wconf 83' lang='lat' dir='ltr'><strong>totus</strong></span> <span class='ocrx_word' id='word_1_184' title='bbox 737 2873 841 2917; x_wconf 86' lang='lat' dir='ltr'><strong>sermo</strong></span> <span class='ocrx_word' id='word_1_185' title='bbox 866 2851 1113 2915; x_wconf 87' lang='lat' dir='ltr'><strong>declamatorem</strong></span> <span class='ocrx_word' id='word_1_186' title='bbox 1137 2853 1244 2935; x_wconf 90' lang='lat' dir='ltr'><strong>arguit</strong></span> <span class='ocrx_word' id='word_1_187' title='bbox 1266 2863 1298 2916; x_wconf 92' lang='lat' dir='ltr'><strong>et</strong></span> <span class='ocrx_word' id='word_1_188' title='bbox 1320 2854 1466 2928; x_wconf 81' lang='lat' dir='ltr'><strong>cuiusuis</strong></span> 
     </span>
     <span class='ocr_line' id='line_1_23' title="bbox 295 2956 1466 3043; baseline 0.001 -20"><span class='ocrx_word' id='word_1_189' title='bbox 295 2959 425 3043; x_wconf 86' lang='lat' dir='ltr'><strong>generis</strong></span> <span class='ocrx_word' id='word_1_190' title='bbox 441 2958 608 3035; x_wconf 88' lang='lat' dir='ltr'><strong>artificiis,</strong></span> <span class='ocrx_word' id='word_1_191' title='bbox 625 2958 742 3041; x_wconf 84' lang='lat' dir='ltr'><strong>liguris</strong></span> <span class='ocrx_word' id='word_1_192' title='bbox 765 2956 932 3021; x_wconf 87' lang='lat' dir='ltr'><strong>sententiis</strong></span> <span class='ocrx_word' id='word_1_193' title='bbox 954 2957 1039 3020; x_wconf 84' lang='lat' dir='ltr'><strong>male</strong></span> <span class='ocrx_word' id='word_1_194' title='bbox 1054 2957 1245 3022; x_wconf 81' lang='lat' dir='ltr'><strong>acuminatis</strong></span> <span class='ocrx_word' id='word_1_195' title='bbox 1259 2959 1306 3023; x_wconf 91' lang='lat' dir='ltr'><strong>ita</strong></span> <span class='ocrx_word' id='word_1_196' title='bbox 1331 2961 1466 3024; x_wconf 82' lang='lat' dir='ltr'><strong>refertus</strong></span> 
     </span>
     <span class='ocr_line' id='line_1_24' title="bbox 296 3061 1468 3147; baseline 0.002 -20"><span class='ocrx_word' id='word_1_197' title='bbox 296 3075 347 3127; x_wconf 89' lang='lat' dir='ltr'><strong>est</strong></span> <span class='ocrx_word' id='word_1_198' title='bbox 370 3074 408 3127; x_wconf 94' lang='lat' dir='ltr'><strong>ut</strong></span> <span class='ocrx_word' id='word_1_199' title='bbox 429 3083 554 3147; x_wconf 78' lang='lat' dir='ltr'><strong>pauper</strong></span> <span class='ocrx_word' id='word_1_200' title='bbox 574 3063 736 3146; x_wconf 78' lang='lat' dir='ltr'><strong>scriptoris</strong></span> <span class='ocrx_word' id='word_1_201' title='bbox 755 3061 925 3145; x_wconf 81' lang='lat' dir='ltr'><strong>ingenium</strong></span> <span class='ocrx_word' id='word_1_202' title='bbox 947 3072 981 3125; x_wconf 87' lang='lat' dir='ltr'><strong>et</strong></span> <span class='ocrx_word' id='word_1_203' title='bbox 1010 3061 1167 3126; x_wconf 90' lang='lat' dir='ltr'><strong>iudicium</strong></span> <span class='ocrx_word' id='word_1_204' title='bbox 1187 3065 1273 3127; x_wconf 87' lang='lat' dir='ltr'><strong>male</strong></span> <span class='ocrx_word' id='word_1_205' title='bbox 1294 3065 1468 3130; x_wconf 87' lang='lat' dir='ltr'><strong>formatum</strong></span> 
     </span>
     <span class='ocr_line' id='line_1_25' title="bbox 296 3168 1468 3253; baseline 0.002 -20"><span class='ocrx_word' id='word_1_206' title='bbox 296 3169 465 3234; x_wconf 85' lang='lat' dir='ltr'><strong>neminem</strong></span> <span class='ocrx_word' id='word_1_207' title='bbox 475 3170 707 3253; x_wconf 82' lang='lat' dir='ltr'><strong>·latere·possit.&#39;</strong></span> <span class='ocrx_word' id='word_1_208' title='bbox 737 3170 794 3232; x_wconf 90' lang='lat' dir='ltr'><strong>sed</strong></span> <span class='ocrx_word' id='word_1_209' title='bbox 814 3170 853 3232; x_wconf 87' lang='lat' dir='ltr'><strong>de</strong></span> <span class='ocrx_word' id='word_1_210' title='bbox 875 3168 936 3230; x_wconf 91' lang='lat' dir='ltr'><strong>hac</strong></span> <span class='ocrx_word' id='word_1_211' title='bbox 950 3190 985 3232; x_wconf 91' lang='lat' dir='ltr'><strong>re</strong></span> <span class='ocrx_word' id='word_1_212' title='bbox 1000 3179 1073 3251; x_wconf 91' lang='lat' dir='ltr'><strong>post</strong></span> <span class='ocrx_word' id='word_1_213' title='bbox 1088 3168 1222 3232; x_wconf 88' lang='lat' dir='ltr'><strong>Graeuii</strong></span> <span class='ocrx_word' id='word_1_214' title='bbox 1236 3170 1468 3252; x_wconf 81' lang='lat' dir='ltr'><strong>praefationem</strong></span> 
     </span>
     <span class='ocr_line' id='line_1_26' title="bbox 297 3273 1467 3357; baseline 0 -17"><span class='ocrx_word' id='word_1_215' title='bbox 297 3288 386 3340; x_wconf 87' lang='lat' dir='ltr'><strong>recte</strong></span> <span class='ocrx_word' id='word_1_216' title='bbox 407 3277 449 3340; x_wconf 86' lang='lat' dir='ltr'><strong>ab</strong></span> <span class='ocrx_word' id='word_1_217' title='bbox 475 3276 625 3341; x_wconf 72' lang='lat' dir='ltr'><strong>limestio</strong></span> <span class='ocrx_word' id='word_1_218' title='bbox 640 3274 784 3339; x_wconf 83' lang='lat' dir='ltr'><strong>maximi</strong></span> <span class='ocrx_word' id='word_1_219' title='bbox 810 3273 1014 3338; x_wconf 86' lang='lat' dir='ltr'><strong>aestimatam</strong></span> <span class='ocrx_word' id='word_1_220' title='bbox 1033 3274 1180 3357; x_wconf 91' lang='lat' dir='ltr'><strong>pluribus</strong></span> <span class='ocrx_word' id='word_1_221' title='bbox 1206 3275 1358 3340; x_wconf 87' lang='lat' dir='ltr'><strong>disserere</strong></span> <span class='ocrx_word' id='word_1_222' title='bbox 1383 3278 1467 3341; x_wconf 91' lang='lat' dir='ltr'><strong>nihil</strong></span> 
     </span>
     <span class='ocr_line' id='line_1_27' title="bbox 299 3376 1467 3465; baseline 0.002 -20"><span class='ocrx_word' id='word_1_223' title='bbox 299 3376 430 3445; x_wconf 84' lang='lat' dir='ltr'><strong>attinet.</strong></span> <span class='ocrx_word' id='word_1_224' title='bbox 452 3380 707 3465; x_wconf 81' lang='lat' dir='ltr'><strong>paucis=tantum</strong></span> <span class='ocrx_word' id='word_1_225' title='bbox 722 3381 918 3456; x_wconf 89' lang='lat' dir='ltr'><strong>admonebc,</strong></span> <span class='ocrx_word' id='word_1_226' title='bbox 936 3381 976 3443; x_wconf 93' lang='lat' dir='ltr'><strong>de</strong></span> <span class='ocrx_word' id='word_1_227' title='bbox 992 3401 1055 3463; x_wconf 90' lang='lat' dir='ltr'><strong>quc</strong></span> <span class='ocrx_word' id='word_1_228' title='bbox 1069 3401 1144 3464; x_wconf 89' lang='lat' dir='ltr'><strong>prae</strong></span> <span class='ocrx_word' id='word_1_229' title='bbox 1159 3382 1272 3445; x_wconf 90' lang='lat' dir='ltr'><strong>ceteris</strong></span> <span class='ocrx_word' id='word_1_230' title='bbox 1288 3383 1467 3447; x_wconf 89' lang='lat' dir='ltr'><strong>Meinertus</strong></span> 
     </span>
     <span class='ocr_line' id='line_1_28' title="bbox 299 3485 1468 3571; baseline 0.001 -20"><span class='ocrx_word' id='word_1_231' title='bbox 299 3487 404 3563; x_wconf 84' lang='lat' dir='ltr'><strong>dixit,</strong></span> <span class='ocrx_word' id='word_1_232' title='bbox 441 3489 660 3551; x_wconf 64' lang='lat' dir='ltr'><strong>Lucanuerrca</strong></span> <span class='ocrx_word' id='word_1_233' title='bbox 675 3487 770 3549; x_wconf 89' lang='lat' dir='ltr'><strong>Floro</strong></span> <span class='ocrx_word' id='word_1_234' title='bbox 791 3485 934 3550; x_wconf 91' lang='lat' dir='ltr'><strong>studiose</strong></span> <span class='ocrx_word' id='word_1_235' title='bbox 967 3486 1089 3548; x_wconf 91' lang='lat' dir='ltr'><strong>lectum</strong></span> <span class='ocrx_word' id='word_1_236' title='bbox 1109 3508 1214 3570; x_wconf 87' lang='lat' dir='ltr'><strong>neque</strong></span> <span class='ocrx_word' id='word_1_237' title='bbox 1236 3499 1323 3551; x_wconf 86' lang='lat' dir='ltr'><strong>recto</strong></span> <span class='ocrx_word' id='word_1_238' title='bbox 1344 3510 1468 3571; x_wconf 89' lang='lat' dir='ltr'><strong>semper</strong></span> 
     </span>
     <span class='ocr_line' id='line_1_29' title="bbox 299 3587 1467 3675; baseline 0 -20"><span class='ocrx_word' id='word_1_239' title='bbox 299 3591 421 3657; x_wconf 84' lang='lat' dir='ltr'><strong>iudicio</strong></span> <span class='ocrx_word' id='word_1_240' title='bbox 442 3592 626 3656; x_wconf 84' lang='lat' dir='ltr'><strong>adhibitum</strong></span> <span class='ocrx_word' id='word_1_241' title='bbox 653 3591 762 3655; x_wconf 77' lang='lat' dir='ltr'><strong>luisse.</strong></span> <span class='ocrx_word' id='word_1_242' title='bbox 801 3591 849 3654; x_wconf 90' lang='lat' dir='ltr'><strong>ita</strong></span> <span class='ocrx_word' id='word_1_243' title='bbox 869 3593 955 3675; x_wconf 92' lang='lat' dir='ltr'><strong>quod</strong></span> <span class='ocrx_word' id='word_1_244' title='bbox 976 3613 998 3674; x_wconf 97' lang='lat' dir='ltr'><strong>p</strong></span> <span class='ocrx_word' id='word_1_245' title='bbox 1021 3597 1059 3652; x_wconf 82' lang='grc'><strong>97</strong></span> <span class='ocrx_word' id='word_1_246' title='bbox 1069 3638 1080 3668; x_wconf 88' lang='lat'><strong>,</strong></span> <span class='ocrx_word' id='word_1_247' title='bbox 1105 3598 1144 3654; x_wconf 81' lang='lat'><strong>25</strong></span> <span class='ocrx_word' id='word_1_248' title='bbox 1167 3591 1293 3673; x_wconf 87' lang='lat' dir='ltr'><strong>scripsit</strong></span> <span class='ocrx_word' id='word_1_249' title='bbox 1311 3587 1411 3656; x_wconf 71' lang='lat' dir='ltr'><strong>‘raus</strong></span> <span class='ocrx_word' id='word_1_250' title='bbox 1425 3628 1467 3641; x_wconf 90' lang='lat'><em>-</em></span> 
     </span>
     <span class='ocr_line' id='line_1_30' title="bbox 300 3695 1469 3781; baseline -0.001 -19"><span class='ocrx_word' id='word_1_251' title='bbox 300 3719 385 3764; x_wconf 78' lang='lat' dir='ltr'><strong>acco</strong></span> <span class='ocrx_word' id='word_1_252' title='bbox 399 3698 669 3781; x_wconf 69' lang='lat' dir='ltr'><strong>Pompeianorum</strong></span> <span class='ocrx_word' id='word_1_253' title='bbox 684 3703 753 3761; x_wconf 84' lang='lat' dir='ltr'><strong>orte</strong></span> <span class='ocrx_word' id='word_1_254' title='bbox 772 3696 908 3761; x_wconf 76' lang='lat' dir='ltr'><strong>Cilicum</strong></span> <span class='ocrx_word' id='word_1_255' title='bbox 922 3696 1004 3760; x_wconf 76' lang='lat' dir='ltr'><strong>octa&#39;s</strong></span> <span class='ocrx_word' id='word_1_256' title='bbox 1019 3696 1077 3759; x_wconf 82' lang='lat' dir='ltr'><strong>sab</strong></span> <span class='ocrx_word' id='word_1_257' title='bbox 1097 3696 1184 3759; x_wconf 79' lang='lat' dir='ltr'><strong>mori</strong></span> <span class='ocrx_word' id='word_1_258' title='bbox 1196 3695 1336 3781; x_wconf 65' lang='lat' dir='ltr'><strong>ficibus</strong></span> <span class='ocrx_word' id='word_1_259' title='bbox 1356 3704 1469 3779; x_wconf 73' lang='lat' dir='ltr'><strong>captas</strong></span> 
     </span>
     <span class='ocr_line' id='line_1_31' title="bbox 291 3795 1468 3888; baseline -0.001 -20"><span class='ocrx_word' id='word_1_260' title='bbox 291 3804 399 3888; x_wconf 70' lang='lat' dir='ltr'><strong>pucu&#39;</strong></span> <span class='ocrx_word' id='word_1_261' title='bbox 410 3826 475 3887; x_wconf 81' lang='lat' dir='ltr'><strong>per</strong></span> <span class='ocrx_word' id='word_1_262' title='bbox 497 3795 705 3888; x_wconf 63' lang='lat' dir='ltr'><strong>iudoytmm’,</strong></span> <span class='ocrx_word' id='word_1_263' title='bbox 723 3801 797 3886; x_wconf 90' lang='lat' dir='ltr'><strong>quis</strong></span> <span class='ocrx_word' id='word_1_264' title='bbox 811 3824 878 3865; x_wconf 92' lang='lat' dir='ltr'><strong>non</strong></span> <span class='ocrx_word' id='word_1_265' title='bbox 894 3801 985 3866; x_wconf 89' lang='lat' dir='ltr'><strong>uidet</strong></span> <span class='ocrx_word' id='word_1_266' title='bbox 1000 3803 1105 3864; x_wconf 88' lang='lat' dir='ltr'><strong>efficta</strong></span> <span class='ocrx_word' id='word_1_267' title='bbox 1120 3821 1188 3865; x_wconf 90' lang='lat' dir='ltr'><strong>esse</strong></span> <span class='ocrx_word' id='word_1_268' title='bbox 1203 3822 1244 3864; x_wconf 87' lang='lat' dir='ltr'><strong>ex</strong></span> <span class='ocrx_word' id='word_1_269' title='bbox 1258 3802 1383 3865; x_wconf 89' lang='lat' dir='ltr'><strong>Lucani</strong></span> <span class='ocrx_word' id='word_1_270' title='bbox 1396 3823 1468 3867; x_wconf 91' lang='lat' dir='ltr'><strong>ucr-</strong></span> 
     </span>
     <span class='ocr_line' id='line_1_32' title="bbox 303 3910 782 3986; baseline 0.006 -14"><span class='ocrx_word' id='word_1_271' title='bbox 303 3910 390 3974; x_wconf 88' lang='lat' dir='ltr'><strong>sibus</strong></span> <span class='ocrx_word' id='word_1_272' title='bbox 406 3911 497 3986; x_wconf 89' lang='lat' dir='ltr'><strong>IIII,</strong></span> <span class='ocrx_word' id='word_1_273' title='bbox 515 3916 575 3971; x_wconf 80' lang='grc'><strong>449</strong></span> <span class='ocrx_word' id='word_1_274' title='bbox 610 3928 625 3962; x_wconf 63' lang='lat'><strong>³¹</strong></span> <span class='ocrx_word' id='word_1_275' title='bbox 693 3949 696 3955; x_wconf 90' lang='lat'>-</span> <span class='ocrx_word' id='word_1_276' title='bbox 778 3966 782 3975; x_wconf 92' lang='lat'><em>.</em></span> 
     </span>
    </p>

    <p class='ocr_par' dir='ltr' id='par_1_4' title="bbox 350 4014 1278 4724">
     <span class='ocr_line' id='line_1_33' title="bbox 350 4014 1168 4099; baseline -0.001 -21"><span class='ocrx_word' id='word_1_277' title='bbox 350 4029 354 4036; x_wconf 85' lang='grc'><em>’</em></span> <span class='ocrx_word' id='word_1_278' title='bbox 468 4026 506 4079; x_wconf 86' lang='lat' dir='ltr'><strong>at</strong></span> <span class='ocrx_word' id='word_1_279' title='bbox 519 4015 735 4099; x_wconf 82' lang='lat' dir='ltr'><strong>Pompeianus</strong></span> <span class='ocrx_word' id='word_1_280' title='bbox 750 4014 876 4078; x_wconf 83' lang='lat' dir='ltr'><strong>fraudes</strong></span> <span class='ocrx_word' id='word_1_281' title='bbox 891 4014 1054 4077; x_wconf 89' lang='lat' dir='ltr'><strong>innectere</strong></span> <span class='ocrx_word' id='word_1_282' title='bbox 1068 4024 1168 4096; x_wconf 84' lang='lat' dir='ltr'><strong>ponto</strong></span> 
     </span>
     <span class='ocr_line' id='line_1_34' title="bbox 468 4119 1230 4205; baseline -0.001 -21"><span class='ocrx_word' id='word_1_283' title='bbox 468 4121 603 4205; x_wconf 87' lang='lat' dir='ltr'><strong>antiqua</strong></span> <span class='ocrx_word' id='word_1_284' title='bbox 615 4131 709 4203; x_wconf 89' lang='lat' dir='ltr'><strong>parat</strong></span> <span class='ocrx_word' id='word_1_285' title='bbox 724 4130 791 4183; x_wconf 88' lang='lat' dir='ltr'><strong>arte</strong></span> <span class='ocrx_word' id='word_1_286' title='bbox 807 4119 904 4196; x_wconf 84' lang='lat' dir='ltr'><strong>Cilix,</strong></span> <span class='ocrx_word' id='word_1_287' title='bbox 924 4141 1100 4202; x_wconf 88' lang='lat' dir='ltr'><strong>passusque</strong></span> <span class='ocrx_word' id='word_1_288' title='bbox 1115 4141 1230 4184; x_wconf 89' lang='lat' dir='ltr'><strong>uacare</strong></span> 
     </span>
     <span class='ocr_line' id='line_1_35' title="bbox 473 4224 1251 4308; baseline -0.001 -18"><span class='ocrx_word' id='word_1_289' title='bbox 473 4243 603 4290; x_wconf 87' lang='lat' dir='ltr'><strong>summa·</strong></span> <span class='ocrx_word' id='word_1_290' title='bbox 612 4226 686 4289; x_wconf 77' lang='lat' dir='ltr'><strong>freti</strong></span> <span class='ocrx_word' id='word_1_291' title='bbox 701 4224 809 4290; x_wconf 89' lang='lat' dir='ltr'><strong>medio</strong></span> <span class='ocrx_word' id='word_1_292' title='bbox 822 4225 992 4307; x_wconf 90' lang='lat' dir='ltr'><strong>suspendit</strong></span> <span class='ocrx_word' id='word_1_293' title='bbox 1005 4226 1138 4289; x_wconf 88' lang='lat' dir='ltr'><strong>uincula</strong></span> <span class='ocrx_word' id='word_1_294' title='bbox 1152 4236 1251 4308; x_wconf 91' lang='lat' dir='ltr'><strong>ponto</strong></span> 
     </span>
     <span class='ocr_line' id='line_1_36' title="bbox 469 4326 1178 4414; baseline -0.003 -19"><span class='ocrx_word' id='word_1_295' title='bbox 469 4342 504 4396; x_wconf 87' lang='lat' dir='ltr'><strong>et</strong></span> <span class='ocrx_word' id='word_1_296' title='bbox 518 4326 608 4396; x_wconf 76' lang='lat' dir='ltr'><strong>lanus</strong></span> <span class='ocrx_word' id='word_1_297' title='bbox 622 4330 750 4395; x_wconf 68' lang='lat' dir='ltr'><strong>fluitare</strong></span> <span class='ocrx_word' id='word_1_298' title='bbox 765 4329 843 4394; x_wconf 90' lang='lat' dir='ltr'><strong>sinit</strong></span> <span class='ocrx_word' id='word_1_299' title='bbox 856 4329 1034 4414; x_wconf 88' lang='lat' dir='ltr'><strong>religatque</strong></span> <span class='ocrx_word' id='word_1_300' title='bbox 1048 4341 1178 4396; x_wconf 89' lang='lat' dir='ltr'><strong>catenas</strong></span> 
     </span>
     <span class='ocr_line' id='line_1_37' title="bbox 461 4434 1278 4520; baseline -0.009 -19"><span class='ocrx_word' id='word_1_301' title='bbox 461 4437 560 4520; x_wconf 68' lang='lat' dir='ltr'><strong>rupis</strong></span> <span class='ocrx_word' id='word_1_302' title='bbox 575 4438 615 4500; x_wconf 86' lang='lat' dir='ltr'><strong>ab</strong></span> <span class='ocrx_word' id='word_1_303' title='bbox 631 4434 761 4520; x_wconf 84' lang='lat' dir='ltr'><strong>Illyriae</strong></span> <span class='ocrx_word' id='word_1_304' title='bbox 776 4435 927 4518; x_wconf 87' lang='lat' dir='ltr'><strong>scopulis.</strong></span> <span class='ocrx_word' id='word_1_305' title='bbox 952 4457 1013 4499; x_wconf 86' lang='lat' dir='ltr'><strong>neo</strong></span> <span class='ocrx_word' id='word_1_306' title='bbox 1028 4436 1132 4520; x_wconf 90' lang='lat' dir='ltr'><strong>prima</strong></span> <span class='ocrx_word' id='word_1_307' title='bbox 1145 4457 1205 4498; x_wconf 90' lang='lat' dir='ltr'><strong>nec</strong></span> <span class='ocrx_word' id='word_1_308' title='bbox 1220 4434 1278 4497; x_wconf 93' lang='lat' dir='ltr'><strong>illa</strong></span> 
     </span>
     <span class='ocr_line' id='line_1_38' title="bbox 469 4540 1262 4626; baseline -0.005 -21"><span class='ocrx_word' id='word_1_309' title='bbox 469 4542 710 4626; x_wconf 76' lang='lat' dir='ltr'><strong>quaesoquitur</strong></span> <span class='ocrx_word' id='word_1_310' title='bbox 724 4544 850 4605; x_wconf 88' lang='lat' dir='ltr'><strong>tardata</strong></span> <span class='ocrx_word' id='word_1_311' title='bbox 863 4543 959 4620; x_wconf 88' lang='lat' dir='ltr'><strong>ratis,</strong></span> <span class='ocrx_word' id='word_1_312' title='bbox 982 4545 1038 4606; x_wconf 93' lang='lat' dir='ltr'><strong>sed</strong></span> <span class='ocrx_word' id='word_1_313' title='bbox 1052 4541 1147 4605; x_wconf 85' lang='lat' dir='ltr'><strong>tertia</strong></span> <span class='ocrx_word' id='word_1_314' title='bbox 1161 4540 1262 4602; x_wconf 90' lang='lat' dir='ltr'><strong>moles</strong></span> 
     </span>
     <span class='ocr_line' id='line_1_39' title="bbox 471 4647 1247 4724; baseline -0.004 -13"><span class='ocrx_word' id='word_1_315' title='bbox 471 4647 579 4712; x_wconf 85' lang='lat' dir='ltr'><strong>haesit·</strong></span> <span class='ocrx_word' id='word_1_316' title='bbox 589 4659 622 4711; x_wconf 92' lang='lat' dir='ltr'><strong>et</strong></span> <span class='ocrx_word' id='word_1_317' title='bbox 636 4650 678 4712; x_wconf 88' lang='lat' dir='ltr'><strong>ad</strong></span> <span class='ocrx_word' id='word_1_318' title='bbox 694 4648 959 4724; x_wconf 76' lang='lat' dir='ltr'><strong>cautesadducto</strong></span> <span class='ocrx_word' id='word_1_319' title='bbox 971 4647 1049 4711; x_wconf 87' lang='lat' dir='ltr'><strong>fune</strong></span> <span class='ocrx_word' id='word_1_320' title='bbox 1064 4656 1173 4711; x_wconf 90' lang='lat' dir='ltr'><strong>secuta</strong></span> <span class='ocrx_word' id='word_1_321' title='bbox 1187 4657 1247 4710; x_wconf 88' lang='lat' dir='ltr'><strong>est.</strong></span> 
     </span>
    </p>
   </div>
   <div class='ocr_carea' id='block_1_3' title="bbox 0 0 1923 5534">
    <p class='ocr_par' dir='ltr' id='par_1_5' title="bbox 0 0 1923 5534">
     <span class='ocr_line' id='line_1_40' title="bbox 0 0 1923 5534; baseline 0 0"><span class='ocrx_word' id='word_1_322' title='bbox 0 0 1923 5534; x_wconf 95' lang='lat' dir='ltr'><strong> </strong></span> 
     </span>
    </p>
   </div>
  </div>
 </body>
</html>
