3809 5534
461 595 503 655 30
946 611 1016 654 rvnr
1033 611 1129 654 raoni

459 765 537 847 fuga
551 773 663 826 rostra.
687 761 824 824 iniectae
840 758 927 822 enim
941 760 1061 823 ferreae
1083 782 1199 823 manus
1220 761 1454 844 machinaeque
1476 762 1617 839 ualidae,
1639 763 1662 824 Ι

461 881 536 932 ante
552 879 713 932 certamen
729 867 870 930 multum
884 867 924 928 ab
940 865 1033 929 hoste
1049 865 1190 942 derisae,
1214 867 1379 950 coactique
1401 869 1512 931 hostes
1528 868 1621 950 quasi

462 976 497 1037 in
512 974 614 1038 solido
629 975 808 1036 decernere.
835 972 940 1034 uictor
955 993 1030 1054 ergo
1053 982 1132 1054 aput
1147 972 1280 1055 Liparas
1300 995 1405 1036 mersa
1426 984 1485 1036 aut
1507 974 1621 1056 tirgata

461 1080 604 1143 hostium
620 1080 720 1143 classe
735 1078 876 1161 primum
889 1077 985 1141 illum
1000 1076 1198 1140 maritimum
1213 1078 1280 1161 egit
1295 1079 1509 1162 triumphum.
1528 1080 1620 1143 cuius

462 1188 547 1269 quod
572 1185 729 1268 gaudium
754 1183 837 1248 fuit!
869 1205 944 1246 eum
967 1182 1112 1246 Duillius
1132 1182 1324 1267 imperator,
1347 1206 1414 1246 non
1445 1194 1651 1247 contentuss

463 1292 561 1356 unius
578 1291 642 1354 diei
658 1290 834 1372 triumpho,
851 1310 908 1371 per
922 1289 1025 1352 uitam
1040 1310 1181 1365 omnem,
1198 1290 1255 1352 ubi
1269 1312 1288 1352 a
1303 1312 1382 1352 oena
1397 1290 1517 1354 rediret
1531 1312 1620 1373 prae·

463 1400 570 1461 lucere
585 1396 709 1459 funalia
720 1407 753 1459 et
764 1394 946 1478 praecinere
959 1394 1020 1457 sihi
1036 1394 1130 1458 tibias
1142 1396 1248 1471 iussit,
1266 1395 1356 1477 quasi
1371 1396 1491 1459 cotidie
1507 1397 1619 1459 trium·

462 1504 589 1586 pharet.
615 1524 691 1585 prae
706 1512 799 1566 tanta
812 1500 910 1563 huius
925 1499 1062 1563 uictoria
1075 1502 1148 1564 leue
1164 1502 1319 1565 damnum
1333 1500 1397 1564 fuit
1408 1503 1491 1564 alter¹
1507 1523 1619 1564 consu·

462 1610 532 1674 lum
553 1609 749 1689 interceptus
766 1606 869 1670 Asina
890 1604 1071 1681 cornelius,
1089 1606 1145 1687 qui
1159 1606 1311 1670 simulato
1330 1607 1493 1690 colloquio
1509 1630 1620 1670 euoca-

462 1727 514 1779 tus
533 1727 629 1796 atque
648 1714 695 1775 ita
714 1733 883 1794 oppressus
901 1710 984 1787 fuit,
1004 1711 1157 1794 perfidiae
1177 1712 1321 1777 Punicae
1339 1714 1587 1776 documentum.
1640 1725 1662 1774 lt

549 1818 697 1883 Calatino
723 1817 877 1880 dictatore
903 1817 968 1880 fere
994 1817 1103 1880 omnia
1122 1816 1282 1899 praesidia
1311 1820 1498 1881 Poenorum
1526 1818 1620 1901 Agri·

462 1934 560 2007 ganto
575 1921 734 2005 Drepanis
758 1923 942 1986 Panhormo
957 1924 1059 2005 Eryce
1081 1923 1297 2006 Lilybaeoque
1313 1923 1463 1986 detraxit.
1483 1925 1621 2007 trepida·

414 2108 416 2113 ,
463 2041 534 2093 tum
549 2039 597 2091 est
612 2030 710 2091 semel
726 2028 810 2091 circa
824 2027 1104 2092 Camerinensium
1119 2030 1256 2104 saltum,
1280 2031 1337 2093 sed
1356 2030 1477 2092 eximia
1499 2030 1621 2094 uirtute

463 2134 620 2217 Calpurni
635 2136 799 2197 Flammae
814 2133 937 2196 tribuni
951 2134 1094 2198 militum
1115 2134 1287 2198 euasimus.
1320 2135 1376 2217 qui
1397 2136 1483 2199 lecta
1498 2150 1619 2201 trecen·

464 2252 569 2304 torum
591 2262 691 2304 manu
715 2240 875 2304 insessum
901 2241 941 2302 ab
968 2239 1116 2304 hostibus
1138 2241 1302 2304 tumulum
1328 2242 1500 2324 occupauit
1522 2253 1619 2326 atque
1639 2257 1662 2305 11

463 2357 605 2409 moratus
621 2346 728 2408 hostes
745 2355 812 2419 est,
835 2346 912 2407 dum
928 2345 1086 2410 exercitus
1110 2345 1214 2408 omnis
1236 2348 1396 2409 euaderet.
1424 2370 1461 2411 ac
1482 2347 1528 2411 sic
1550 2351 1619 2431 pul-

464 2451 620 2514 cherrimo
636 2449 725 2513 exitu
741 2451 1030 2533 Thermopylarum
1051 2462 1084 2513 et
1099 2451 1261 2516 Leonidae
1276 2451 1395 2515 famam
1410 2455 1617 2537 adaequauit,

463 2558 524 2620 hoc
548 2556 713 2619 inlustrior
736 2567 865 2632 noster,
887 2558 974 2638 quod
988 2555 1187 2638 expeditioni
1209 2568 1318 2621 tantae
1340 2559 1518 2641 superfuit,
1547 2559 1621 2624 licet

464 2663 549 2726 nihil
563 2661 761 2744 inscripserit
776 2662 946 2744 sanguine.

549 2767 650 2831 Lucio
666 2767 815 2831 Cornelio
839 2767 989 2850 Scipione
1011 2769 1161 2843 consule,
1185 2789 1261 2830 cum
1281 2768 1346 2831 iam
1370 2768 1484 2833 Sicilia
1506 2773 1618 2835 subur·
1636 2784 1662 2833 21

463 2874 549 2935 bana
564 2883 648 2935 esset
662 2872 775 2955 populi
790 2872 931 2935 Romani
946 2873 1131 2954 prouincia,
1157 2884 1304 2955 serpente
1325 2874 1424 2938 latius
1445 2877 1533 2941 bello
1550 2878 1618 2942 Sar·

465 2977 588 3041 diniam
604 2979 825 3060 adnexamque
842 2978 1006 3041 Corsicam
1026 2978 1164 3042 transiit.
1190 2978 1305 3042 Olbiae
1327 2979 1399 3055 hic,
1424 2980 1472 3044 ihi
1493 2984 1618 3046 Aleriae

464 3083 552 3146 urbis
569 3082 693 3146 excidio
708 3082 829 3146 incolas
845 3082 970 3159 terruit,
988 3086 1129 3167 adeoque
1145 3084 1234 3146 omni
1249 3095 1332 3148 terra
1346 3096 1380 3148 et
1393 3088 1478 3149 mari
1494 3092 1616 3153 Poenos

464 3188 616 3272 purgauit
631 3198 668 3251 ut
683 3188 748 3252 iam
763 3188 916 3252 uictoriae
931 3190 1016 3252 nihil
1031 3190 1096 3253 nisi
1109 3190 1219 3253 Africa
1233 3190 1303 3272 ipsa
1316 3201 1463 3254 restaret.

550 3296 660 3359 Marco
675 3293 777 3356 Atilio
792 3295 919 3377 Regulo
943 3297 1025 3358 duce
1046 3295 1112 3358 iam
1133 3296 1168 3357 in
1189 3295 1333 3358 Africam
1353 3298 1532 3381 nauigabat
1554 3301 1615 3363 bel·
1631 3310 1656 3359 25

464 3401 544 3463 lum.
577 3422 636 3462 nec
669 3400 837 3463 defuerant
864 3400 920 3482 qui
943 3400 1013 3484 ipso
1035 3400 1153 3464 Punici
1173 3400 1270 3464 maris
1291 3402 1423 3466 nomine
1445 3426 1485 3467 ac
1503 3416 1616 3469 terrore

464 3508 654 3581 deficerent,
678 3504 810 3588 insuper
830 3517 969 3588 augente
990 3507 1113 3570 Nautio
1129 3506 1259 3569 tribuno
1281 3518 1425 3585 metum,
1450 3510 1487 3574 in
1510 3534 1612 3593 quem,

465 3746 473 3794 1
491 3742 563 3794 ferae
575 3753 593 3793 Β
606 3742 615 3811 11
629 3741 718 3794 ualida
730 3751 771 3804 131,
786 3740 853 3794 aliae
865 3754 891 3793 N
900 3742 909 3812 11
923 3746 938 3794 3
951 3748 980 3795 et
991 3742 1118 3811 fugataN
1128 3743 1136 3813 11
1150 3746 1165 3794 5
1179 3750 1276 3813 quotB
1289 3744 1297 3813 11
1311 3743 1430 3798 duellius
1439 3746 1475 3815 11
1489 3751 1506 3800 6
1517 3747 1560 3800 die
1569 3758 1594 3799 N
1602 3745 1610 3814 11

464 3830 477 3877 1
492 3832 520 3878 et
532 3844 574 3877 om
585 3838 610 3877 N
625 3826 635 3896 11
654 3825 788 3893 quottidie
799 3839 818 3879 Β
837 3825 846 3896 11
865 3829 880 3878 8
892 3828 975 3880 huius
987 3846 1028 3878 om
1040 3840 1074 3881 Β]
1091 3827 1099 3897 11
1119 3828 1180 3880 leue
1192 3828 1274 3880 huius
1286 3829 1383 3898 proelii
1395 3830 1528 3885 damnum
1538 3831 1608 3899 BlNll

466 3914 496 3962 12
509 3927 637 3979 panormo
651 3909 681 3972 b,
703 3926 831 3978 panormo
843 3923 882 3962 ΙΝ
892 3912 900 3982 11
914 3912 984 3964 erico
996 3924 1022 3964 N
1032 3911 1041 3981 11
1053 3912 1207 3982 lylibeoque
1218 3926 1252 3977 B,
1267 3913 1384 3984 lilybaeo
1397 3928 1422 3968 N
1439 3918 1448 3987 11
1468 3918 1612 3988 trepidatur

402 3995 406 4000 '
462 4009 481 4048 Β
494 3996 503 4065 11
519 3998 549 4047 13
564 3994 825 4046 circamerinensium
837 4008 862 4047 Ν
872 3996 881 4064 11
897 3999 926 4047 14
939 3997 1010 4048 lecta
1021 4005 1082 4050 atru
1094 4015 1176 4050 manu
1188 4011 1212 4051 Ν
1228 3998 1237 4068 11
1257 4002 1288 4051 15
1301 4001 1434 4055 infestum
1445 4011 1474 4057 et
1485 4004 1611 4056 incessum

461 4093 487 4133 r
504 4080 513 4149 1
532 4080 653 4148 adeoque
665 4090 703 4129 rr
713 4080 722 4149 1
738 4080 769 4130 ro
782 4087 823 4131 est
834 4080 941 4132 sarar.-
954 4100 996 4132 am
1007 4094 1064 4134 sm
1075 4082 1084 4152 1
1096 4068 1147 4134 'aa
1159 4083 1223 4137 sies
1235 4083 1244 4152 1
1259 4087 1290 4136 u
1303 4084 1466 4141 laedorias
1476 4101 1506 4154 r,
1520 4087 1610 4141 acon-

462 4168 514 4220 dae
525 4179 541 4219 1
552 4165 561 4235 11
577 4167 607 4216 18
620 4169 712 4216 tantae
725 4163 859 4232 superfuit
870 4171 901 4216 ut
913 4165 1066 4234 superuixit
1078 4173 1105 4218 et
1116 4167 1186 4220 nihil
1196 4181 1224 4233 B,
1239 4176 1330 4223 tantae
1343 4172 1502 4241 superuixit
1512 4182 1540 4228 et
1549 4172 1609 4227 nihil

460 4252 502 4316 Il,
522 4257 613 4305 tantae
625 4248 760 4318 superfuit
771 4254 799 4300 et
811 4248 879 4302 nihil
890 4250 934 4313 11²,
954 4257 1046 4303 tantae
1058 4252 1192 4321 superfuit
1203 4260 1231 4305 et
1242 4254 1397 4323 superuixit
1412 4257 1480 4313 lieet
1490 4260 1558 4314 nihil
1567 4258 1606 4327 Ν1

463 4341 494 4389 19
506 4334 643 4406 scripserit
652 4346 678 4386 Ν
688 4332 697 4403 11
711 4337 743 4385 20
757 4333 867 4386 consule
878 4335 986 4387 addedd:
1006 4354 1047 4388 om
1058 4349 1116 4389 ΝΙΝ
1127 4337 1135 4407 11
1149 4342 1178 4390 21
1193 4355 1304 4391 romana
1313 4352 1340 4392 Ν
1355 4340 1364 4411 11
1384 4346 1418 4395 22
1431 4345 1608 4413 adnexamque

461 4423 486 4475 ei
499 4438 635 4475 cossuram
647 4418 780 4471 transitN
796 4417 804 4488 11
822 4418 910 4471 olbiae
922 4419 967 4472 hic
978 4420 1017 4473 ibi
1029 4423 1097 4474 alter
1116 4422 1181 4491 (alte
1194 4423 1219 4494 b)
1237 4436 1265 4488 B,
1280 4425 1382 4479 olbiam
1401 4427 1443 4482 ibi
1462 4430 1560 4483 ateriae
1575 4424 1606 4488 1¹¹,

461 4506 560 4559 olbiam
573 4505 611 4558 ibi
628 4503 739 4557 materie
750 4502 780 4554 11²
787 4542 794 4566 ‚
816 4502 903 4556 olbiae
915 4504 960 4557 hie
971 4505 1087 4559 baleriae
1098 4519 1124 4559 N
1134 4508 1143 4578 11
1155 4508 1262 4561 Aleriae
1275 4510 1437 4565 Salmasius.
1452 4514 1462 4584 1
1481 4517 1512 4568 23
1526 4526 1607 4567 omnes

460 4602 485 4647 N
495 4590 504 4660 11
518 4597 545 4643 et
557 4608 598 4641 mn
609 4602 635 4641 N
645 4589 654 4659 11
674 4592 706 4641 21
717 4589 882 4657 repugnauit
892 4602 918 4641 N
934 4590 942 4660 1
962 4593 994 4642 211
1007 4591 1117 4644 deerant
1128 4604 1154 4644 N
1163 4592 1172 4662 11
1186 4593 1232 4663 qui
1244 4593 1344 4664 inipso
1356 4608 1373 4647 Ι
1384 4596 1392 4666 11
1406 4600 1517 4667 punicis
1527 4613 1553 4663 B,
1566 4614 1606 4666 pu·

460 4675 521 4726 nico
532 4687 549 4726 Ι
559 4674 568 4744 11
581 4678 612 4726 21
625 4681 742 4742 augente
754 4672 864 4742 insuper
875 4687 898 4726 N
910 4675 919 4745 11
931 4674 1044 4728 minatio
1056 4676 1165 4729 tribuno
1177 4690 1199 4740 Ι,
1214 4678 1324 4730 tribuno
1336 4682 1449 4735 nautrio
1461 4697 1488 4737 N
1498 4687 1507 4754 1
