3809 5534
463 604 505 663 92
951 621 1022 663 rvnr
1039 622 1136 664 rnorn

466 774 628 835 Termestc
644 769 719 833 Vlia
739 770 892 833 Valentia
911 773 1064 834 Auxuma
1085 783 1117 834 et
1137 772 1173 833 in
1193 772 1278 834 fame
1298 773 1383 836 nihil
1403 796 1469 836 non
1495 785 1623 856 experta

467 878 661 961 Calagurris.
692 876 737 939 sic
757 887 884 959 recepta
906 876 941 939 in
963 898 1076 959 pacem
1097 877 1270 961 Hispania.
1302 878 1441 942 uictores
1456 880 1556 942 duces
1572 901 1622 941 ex-

467 997 595 1047 ternum
625 982 658 1045 id
688 982 790 1065 magis
820 974 917 1066 qnam
946 983 1042 1046 ciuile
1071 984 1195 1046 bellum
1226 984 1329 1047 uideri
1358 986 1558 1061 uoluerunt,
1589 997 1623 1048 ut

468 1089 713 1171 triumpharent.

671 1312 735 1373 XI.
763 1311 948 1374 BELLVM
966 1311 1122 1375 CIVILE
1139 1311 1222 1375 SVB
1239 1311 1422 1375 LEPIDO.
1650 1333 1664 1381 5

350 1516 404 1572 111,
416 1498 456 1558 23
469 1498 579 1560 Marco
602 1498 725 1581 Lepido
748 1499 872 1567 Quinto
893 1498 1011 1562 Catulo
1035 1497 1220 1560 consulibus
1249 1495 1346 1559 ciuile
1373 1497 1501 1560 bellum
1528 1521 1626 1582 paene

470 1602 565 1667 citius
581 1626 770 1687 oppressum
785 1616 834 1669 est
850 1626 946 1688 quam
968 1603 1135 1687 inciperet.
1175 1605 1231 1666 sed
1258 1604 1557 1687 quantulacumque
1576 1606 1624 1668 far

470 1708 558 1772 illius
574 1719 681 1774 motus
697 1712 737 1774 ab
751 1711 822 1793 ipso
835 1710 944 1774 Sullae
959 1732 1036 1792 rogo
1048 1709 1188 1773 exarsit?
1204 1708 1339 1791 cupidus
1352 1730 1461 1772 rernm
1473 1732 1623 1774 nouarum

471 1836 528 1897 per
539 1813 745 1880 insolentiam
760 1816 902 1900 Lepidus
918 1826 990 1878 acta
1009 1815 1092 1878 tanti
1113 1814 1175 1878 uiri
1190 1815 1369 1878 rescindere
1393 1818 1547 1897 parabat,
1570 1840 1620 1881 nec

471 1920 641 1997 inmerito,
659 1921 686 1985 si
702 1932 809 1985 tamen
825 1933 931 2006 posset
952 1922 1021 1985 sine
1043 1943 1162 2004 magna
1183 1922 1273 1983 clade
1296 1921 1342 1984 rei
1362 1922 1526 2004 publicae.
1556 1945 1619 1986 nam
1633 1934 1654 1983 u

473 2048 547 2089 cum
562 2027 630 2089 iure
644 2028 723 2090 belli
739 2028 832 2092 Sulla
847 2029 985 2092 dictator
1000 2027 1237 2111 proscripsisset
1252 2027 1414 2104 inimicos,
1431 2028 1491 2111 qui
1506 2051 1618 2112 supere·

473 2144 546 2195 rant
567 2144 738 2198 reuocante
762 2134 883 2217 Lepido
905 2134 982 2218 quid
1005 2134 1093 2197 aliud
1108 2155 1204 2216 quam
1219 2135 1259 2196 ad
1274 2134 1398 2196 bellum
1413 2135 1619 2199 uocabantur?

474 2260 610 2322 cumque
637 2242 862 2304 damnatorum
894 2240 1016 2303 ciuium
1048 2242 1135 2303 bona
1168 2237 1337 2301 addicente
1364 2239 1460 2303 Sulla
1488 2242 1619 2324 quamuis

474 2346 557 2408 male
573 2357 667 2428 capta
681 2346 749 2409 iure
766 2357 874 2409 tamen
888 2357 1093 2423 tenerentur,
1111 2344 1261 2428 repetitio
1280 2366 1392 2407 eorum
1406 2347 1523 2429 procul
1537 2348 1619 2412 dubio

474 2452 686 2515 labefactabat
702 2452 895 2535 compositae
918 2452 1060 2515 ciuitatis
1076 2462 1208 2516 statum.
1234 2451 1425 2533 expediebat
1449 2475 1527 2536 ergo
1543 2453 1619 2538 quasi
1633 2463 1652 2512 tt

467 2578 587 2642 aegrae
610 2558 798 2642 sauciaeque
820 2558 866 2621 rei
896 2558 1046 2641 publicae
1068 2558 1229 2640 quiescere
1250 2560 1570 2643 quomodocumque,
1591 2583 1620 2622 ne

477 2664 609 2727 uolnera
623 2665 787 2728 curatione
803 2664 872 2747 ipsa
887 2664 1154 2727 rescinderentur.
1180 2685 1254 2746 ergo
1269 2685 1343 2726 cum
1360 2665 1500 2730 turbidis
1516 2667 1620 2730 contio·

475 2769 571 2833 nibus
588 2772 680 2834 uelut
695 2772 828 2834 classico
843 2771 1010 2834 ciuitatem
1025 2770 1208 2846 terruisset,
1234 2770 1397 2853 profectus
1418 2771 1455 2833 in
1473 2774 1620 2837 Etruriam

476 2897 564 2938 arma
578 2875 654 2938 inde
669 2887 701 2939 et
717 2878 892 2939 exercitum
907 2876 980 2938 urbi
995 2877 1199 2939 admouebat.
1228 2877 1284 2939 sed
1298 2876 1364 2939 iarn
1376 2879 1548 2943 Muluium
1557 2902 1620 2965 pon-

476 2992 542 3044 tem
557 2982 734 3064 collemque
747 2981 932 3045 Ianiculum
944 2980 1094 3045 Lutatius
1107 2982 1242 3045 Catulus
1255 2983 1434 3066 Gneusque
1448 2986 1619 3069 Pompeius,
1633 2992 1652 3043 tt

476 3086 629 3151 Sullanae
644 3088 872 3152 dominationis
888 3090 985 3152 duces
1001 3080 1097 3169 atque
1120 3087 1284 3169 signiferi,
1307 3089 1371 3152 alio
1392 3092 1541 3155 exercitu
1554 3092 1620 3155 inse

477 3195 601 3256 derant.
627 3216 646 3256 a
669 3193 786 3276 quibus
807 3194 911 3279 primo
932 3193 1043 3257 statim
1064 3193 1190 3276 impetu
1204 3203 1288 3256 retro
1303 3195 1419 3278 pulsus
1437 3197 1621 3281 hostisquea

477 3311 592 3362 senatu
607 3299 767 3363 iudicatus
788 3301 958 3362 incruenta
978 3299 1057 3381 fuga
1078 3299 1261 3375 Etruriam,
1285 3300 1362 3364 inde
1384 3301 1569 3367 Sardiniam
1586 3325 1620 3367 re·

477 3406 592 3482 cessit,
620 3405 730 3488 ibique
754 3407 864 3470 morbo
886 3416 918 3468 et
940 3405 1140 3489 paenitentia
1164 3404 1299 3467 interiit.
1328 3406 1472 3471 uictores
1500 3430 1619 3494 quoque,

477 3515 564 3595 quod
576 3527 641 3575 non
658 3511 856 3575 temerealias
868 3512 902 3574 in
919 3512 1070 3574 ciuilibus
1085 3503 1191 3587 bellis,
1209 3511 1310 3593 partis
1326 3514 1475 3576 contenti
1491 3516 1616 3579 fuerunt.
1633 3521 1653 3570 25

482 3839 493 3887 1
508 3835 644 3888 Termeste
657 3837 718 3889 Vlia
736 3836 847 3907 smirci:
878 3843 999 3906 tergaest
1011 3854 1071 3890 cum
1089 3848 1123 3900 Β,
1144 3837 1321 3890 termestudia
1338 3837 1384 3909 Nil
1397 3853 1549 3894 auxumeB
1560 3838 1568 3910 Ε
1579 3835 1621 3891 lin

478 3937 520 3971 om
532 3931 551 3971 Β
564 3922 572 3989 l
586 3937 651 3988 pace
662 3934 681 3972 Β
694 3922 703 3992 ll
715 3922 838 3992 hispanie
852 3922 867 3974 b
880 3921 888 3992 Η
903 3928 916 3973 ‘t
938 3930 1070 3993 quantum
1089 3923 1197 3992 lateque
1215 3921 1261 3974 fax
1279 3933 1305 3973 N
1315 3922 1324 3991 ss
1339 3924 1362 3974 8·
1374 3922 1453 3977 sillae
1471 3938 1491 3979 Β
1504 3925 1513 3996 ll
1527 3924 1621 3996 cupidus

479 4021 594 4074 namque
606 4023 696 4058 rerum
708 4019 733 4058 N
743 4007 752 4077 ll
766 4011 780 4059 9
794 4014 854 4060 acta
865 4027 907 4061 om
919 4021 938 4060 Β
952 4008 960 4077 ll
973 4026 1016 4060 res
1036 4006 1187 4059 rescindere
1204 4020 1224 4059 Β
1237 4006 1245 4076 ΙΙ
1261 4010 1288 4059 11
1312 4007 1382 4077 sylla
1399 4021 1419 4062 B
1433 4010 1442 4079 ΙΙ
1459 4014 1490 4064 12
1511 4012 1576 4065 aliut
1589 4019 1608 4061 N
1615 4006 1622 4075 l

481 4094 511 4143 1³
525 4090 586 4143 silla
596 4102 616 4142 Β
629 4090 638 4160 Η
654 4095 684 4143 14
697 4093 786 4162 capita
796 4106 821 4146 N
832 4094 840 4164 ll
853 4100 1011 4146 tenerentur
1022 4091 1115 4143 addidi
1124 4098 1232 4145 awtore
1242 4093 1374 4146 Dukero:
1394 4114 1439 4149 om
1451 4110 1497 4152 ΒΝ
1507 4098 1517 4169 l
1529 4094 1624 4169 repetita

477 4190 497 4230 Β
510 4177 518 4246 ll
534 4180 565 4229 15
579 4175 756 4246 compositam
769 4178 907 4231 ciuitatem
918 4190 943 4231 Ν
954 4184 963 4248 ῃ
977 4177 1113 4230 ciuitatiB
1127 4176 1135 4246 ll
1151 4180 1181 4231 16
1194 4178 1363 4248 requiescere
1382 4192 1408 4233 N
1419 4181 1429 4253 ll
1442 4199 1479 4236 ne
1496 4202 1540 4236 om
1554 4183 1590 4251 Nl
1601 4180 1622 4230 ll

479 4263 592 4316 uulnera
610 4273 630 4313 Β
643 4260 651 4331 ll
665 4262 739 4315 cutio
757 4262 816 4333 ipsa
826 4276 845 4315 Β
859 4264 867 4335 ll
880 4263 997 4316 turbinis
1009 4274 1035 4315 N
1045 4263 1054 4332 ΙΙ
1071 4265 1101 4315 1-8
1118 4264 1220 4317 ctmria
1237 4277 1256 4315 Β
1268 4264 1277 4334 ,l
1293 4268 1323 4317 19
1343 4271 1371 4317 et
1390 4284 1435 4319 om
1455 4281 1475 4321 Β
1488 4268 1498 4339 ΙΙ
1517 4268 1625 4321 admone

478 4356 520 4403 rat
538 4360 564 4401 N
575 4349 582 4418 Η
598 4352 629 4401 20
650 4349 731 4402 latius
749 4349 790 4420 ΒΗ
810 4352 840 4401 21
861 4348 979 4420 syllanae
1005 4360 1050 4402 ΒΝ
1060 4349 1068 4417 ll
1089 4349 1287 4403 dominationes
1309 4362 1329 4403 Β
1342 4349 1351 4419 ΙΙ
1370 4350 1528 4408 insiderant
1543 4367 1562 4407 Β
1577 4352 1585 4422 {l
1601 4351 1626 4402 22

478 4435 619 4505 hostisque
641 4441 751 4488 senatus
763 4448 782 4489 Β
796 4434 804 4503 ll
818 4439 851 4487 24
863 4433 1029 4505 paenitentia
1041 4433 1196 4504 pestilentia
1214 4434 1319 4488 interiit
1336 4448 1363 4488 N
1378 4437 1388 4507 u
1408 4454 1523 4510 quoque
1538 4456 1578 4491 om
1593 4433 1627 4502 ΝΙ

480 4522 512 4571 25
525 4519 609 4589 partis
626 4520 837 4573 Mommseoius:
851 4519 924 4590 pacis
935 4531 968 4582 Β,
989 4535 1054 4587 pace
1071 4533 1097 4574 N
1115 4523 1123 4591 l
1138 4528 1203 4591 port
1217 4522 1329 4575 fuorunt
1347 4523 1381 4575 L·
1405 4524 1520 4579 ΑΝΝΒΙ·
1541 4524 1626 4577 Flum-

479 4607 831 4661 nrrroua·nnr1rol.1vro
844 4618 990 4659 nxrrrcrr·
1006 4608 1068 4660 Lm·
1084 4620 1132 4659 ιιι·
1147 4608 1164 4660 J
1166 4620 1265 4662 ncrrrr
1277 4608 1333 4661 Lm
1346 4620 1400 4662 1111
1415 4602 1627 4674 FrchnnaNl
