3809 5534
443 599 485 659 «10
936 614 1007 659 1v1n
1024 615 1121 658 rnonr

442 776 510 842 rat,
532 765 650 829 iamet
671 768 802 849 Capua,
835 766 924 828 sedcs
946 776 979 828 et
1000 765 1106 848 patria
1125 765 1226 828 altera
1247 764 1437 839 Annibalis,
1470 765 1604 827 teneba·
1626 766 1651 825 I

445 883 515 948 tur,
545 871 638 935 cuius
660 870 789 935 amissio
812 880 940 933 tantum
962 872 1072 934 Poeno
1094 870 1169 933 duci
1183 871 1324 933 dolorem
1339 869 1448 947 dedit,
1473 880 1511 932 ut
1526 870 1606 932 inde

443 977 520 1041 totis
543 976 667 1040 uiribus
689 979 828 1040 Romam
848 986 1099 1039 conuerteretur.
1131 998 1150 1040 o
1170 978 1328 1061 populum
1355 977 1494 1060 dignum
1515 975 1605 1039 orbis

444 1082 598 1167 imperio,
630 1082 830 1165 dignumque
858 1080 1004 1144 omnium
1024 1081 1135 1145 fauore
1151 1092 1184 1145 et
1206 1082 1417 1145 admiratione
1431 1081 1605 1145 hominum

445 1188 646 1251 acdeorum!
672 1187 846 1271 conpulsus
861 1188 903 1250 ad
917 1186 1049 1250 ultimos
1062 1198 1169 1251 metus
1183 1188 1224 1250 ab
1239 1188 1366 1272 incepto
1381 1208 1449 1250 non
1464 1186 1605 1264 destitit,
1623 1199 1640 1249 5

445 1304 477 1356 11
492 1296 532 1357 dc
547 1315 606 1357 sua
620 1295 698 1357 urbe
720 1292 876 1357 sollicitus
899 1294 1045 1377 Capuam
1066 1302 1175 1355 tamen
1196 1314 1264 1356 non
1282 1292 1408 1368 omisit;
1432 1294 1490 1356 sed
1511 1302 1606 1375 parte

445 1400 603 1463 exercitus
618 1400 679 1464 sub
701 1398 808 1483 Appio
835 1396 967 1461 consule
989 1396 1119 1475 relicta,
1146 1409 1238 1481 parte
1260 1398 1412 1462 Flaccum
1432 1396 1470 1459 in
1489 1398 1607 1460 urbem

444 1516 565 1584 secuta,
582 1508 697 1571 absens
712 1505 809 1570 simul
823 1526 1040 1589 praesensque·
1049 1505 1227 1588 pugnabat.
1251 1503 1330 1587 quid
1350 1524 1427 1587 ergo
1446 1502 1607 1566 miramur

443 1612 589 1675 mouenti
603 1622 707 1675 castra
721 1634 741 1674 a
754 1610 849 1673 tertio
863 1610 971 1693 lapide
986 1609 1142 1673 Annibali
1162 1610 1281 1673 iterum
1301 1609 1387 1693 ipsos
1410 1610 1489 1672 deos
1510 1610 1606 1674 resti-

444 1717 539 1781 tisscl
562 1719 637 1781 deos
652 1717 797 1800 inquam,
814 1737 874 1778 nec
896 1715 990 1779 fateri
1011 1717 1158 1799 pudebit.
1183 1728 1275 1779 tanta
1297 1714 1384 1778 enim
1398 1716 1440 1778 ad
1455 1715 1605 1798 singulos
1628 1727 1659 1778 11

443 1822 530 1885 illius
546 1832 654 1885 motus
676 1821 726 1884 uis
747 1821 899 1885 imbrium
920 1822 1022 1885 effusa
1047 1835 1113 1900 est,
1138 1834 1229 1887 tanta
1251 1834 1424 1885 uentorum
1443 1821 1607 1884 uiolentia

443 1939 551 1990 coorta
566 1939 630 2004 est,
653 1938 691 1990 ut
711 1924 869 1989 diuinitus
885 1926 1012 1990 hostem
1026 1950 1228 1992 summouere
1243 1950 1310 1991 non
1325 1950 1344 1990 a
1358 1929 1447 1990 caelo
1455 1975 1466 2004 ,
1489 1929 1550 1991 sed
1565 1929 1606 1991 ab

443 2033 531 2096 urbis
546 2033 648 2115 ipsius
662 2032 830 2096 moenibus
853 2041 884 2094 et
906 2032 1067 2115 Capitolio
1089 2034 1264 2098 uideretur.
1288 2034 1374 2117 fugit
1395 2044 1428 2097 et
1449 2032 1550 2097 cessit
1572 2045 1606 2096 et

443 2138 479 2201 in
500 2138 655 2201 ultimum
669 2161 703 2202 11
724 2138 839 2208 Italiae
858 2138 978 2221 recepit
999 2138 1124 2215 sinum,
1148 2162 1223 2203 cum
1245 2142 1357 2204 urbem
1378 2150 1510 2203 tantum
1537 2162 1607 2204 non

444 2247 608 2327 adoratam
622 2239 835 2328 reliquisset.u
861 2265 963 2325 parua
983 2266 1033 2307 res
1055 2244 1145 2308 dictu
1165 2248 1221 2309 sed
1236 2247 1277 2309 ad
1299 2245 1656 2331 magnanimitatemffl

442 2351 554 2436 populi
568 2351 709 2414 Romani
723 2351 921 2434 probandam
936 2348 1014 2412 satis
1030 2351 1161 2427 efficax,
1185 2353 1272 2433 quod
1292 2351 1357 2416 illis
1378 2351 1458 2435 ipsis
1481 2352 1605 2435 quibus

444 2456 647 2520 obsidebatur
662 2456 775 2519 diebus
790 2477 877 2539 ager,
893 2477 991 2537 quem
1005 2455 1150 2518 Annibal
1160 2456 1272 2520 castris
1282 2457 1456 2534 insederat,
1473 2458 1603 2522 uenalis

443 2564 566 2626 Romae
581 2562 644 2625 fuit
658 2562 833 2644 hastaeque
855 2560 1019 2624 subiectus
1040 2559 1168 2624 inuenit
1190 2574 1377 2651 emptorem.
1403 2564 1512 2627 uoluit
1533 2567 1603 2628 An·

443 2668 532 2732 nibal
547 2679 659 2733 contra
672 2667 792 2731 imitari
806 2665 959 2730 fiduciam
974 2665 1173 2750 subiecitque
1185 2667 1381 2751 argentarias
1393 2668 1482 2733 urbis
1493 2672 1601 2734 taber·

443 2793 521 2847 nas;
553 2794 613 2836 nec
635 2773 910 2852 scotor-inuentus
939 2781 1008 2846 est,
1038 2782 1077 2834 ut
1102 2772 1183 2836 scias
1213 2773 1311 2836 etiam
1329 2774 1498 2858 praesagia
1526 2776 1602 2839 fatis
1621 2787 1652 2838 11

444 2877 594 2940 admisse.
1382 2865 1383 2868 ¹

527 2982 622 3047 Nihil
637 2994 746 3048 actum
760 2993 828 3046 erat
843 2993 933 3046 tanta
948 2982 1089 3061 uirtute,
1106 2995 1198 3047 tanto
1212 2985 1323 3051 fauore
1338 2986 1438 3050 etiam
1452 2989 1598 3065 deorum,

442 3080 491 3149 “si
506 3087 636 3169 quidem
650 3090 690 3152 ab
706 3088 869 3173 Hispania
888 3089 1079 3153 Hasdrubal
1097 3089 1196 3154 frater
1217 3091 1390 3155 Annibalis
1412 3116 1490 3157 cum
1509 3094 1639 3158 exer-I

441 3191 508 3254 citu
524 3215 628 3270 nouo,
645 3195 739 3258 nouis
754 3196 894 3272 uiribus,
910 3216 998 3258 noua
1011 3194 1089 3258 belli
1102 3197 1187 3259 mole
1209 3197 1372 3261 ueniebat.
1399 3212 1510 3264 actum
1533 3211 1598 3264 erat

441 3298 553 3380 procul
568 3299 678 3375 dubio,
696 3300 723 3363 si
740 3300 792 3363 uir
805 3301 860 3363 illc
872 3323 905 3364 se
917 3322 993 3363 curn
1007 3300 1105 3364 fratre
1116 3300 1288 3366 iunxisset.
1303 3314 1353 3367 set
1364 3305 1456 3368 hunc
1471 3328 1596 3389 quoque
1611 3316 1635 3365 N

440 3411 567 3464 tantum
584 3405 670 3485 quod
685 3405 724 3467 ab
738 3406 823 3490 Alpe
837 3408 1043 3470 descenderat
1058 3417 1139 3491 aput
1153 3409 1341 3471 Metaurum
1354 3421 1462 3473 castra
1476 3423 1596 3475 metan-

440 3517 507 3570 tem
524 3507 689 3573 ·Clandius
715 3512 803 3574 Nero
829 3533 904 3575 cnm
929 3512 1026 3575 Liuio
1053 3512 1233 3576 Salinatore
1260 3514 1411 3577 debellat.
1447 3517 1538 3580 Nero
1564 3516 1596 3577 in

439 3613 555 3677 ultimo
571 3615 687 3679 Italiac
703 3618 822 3700 angulo
837 3618 1063 3681 summouebat
1077 3617 1292 3695 Annibalem,
1310 3618 1425 3684 Liuius
1439 3620 1478 3683 in
1493 3620 1595 3685 diuer-

440 3718 599 3790 sissimam
613 3734 756 3805 partem,
780 3721 814 3786 id
836 3734 884 3785 est
906 3721 941 3785 in
964 3722 1051 3806 ipsas
1071 3723 1234 3787 nascentis
1249 3724 1365 3789 Italiae
1379 3725 1492 3791 fauces
1507 3726 1597 3811 signa

440 4084 451 4133 1
467 4080 544 4133 sedes
557 4079 653 4133 domus
665 4084 693 4131 et
704 4089 744 4142 Bl,
759 4080 836 4133 sedes
847 4088 874 4134 et
894 4080 991 4134 domus
1003 4088 1032 4134 et
1048 4094 1074 4135 N
1083 4082 1093 4152 ll
1107 4086 1122 4135 1
1141 4083 1278 4137 ammissio
1288 4095 1309 4137 B
1321 4083 1331 4155 ll
1344 4089 1376 4137 ut
1387 4084 1435 4139 ille
1447 4085 1515 4140 totis
1526 4085 1569 4156 Nfl
1582 4090 1596 4138 1

438 4183 490 4236 que
502 4184 544 4218 om
556 4177 579 4218 N
597 4166 606 4237 fl
625 4169 639 4217 5
655 4164 741 4217 ultum
753 4159 803 4219 hbs
814 4160 902 4221 11111111
913 4178 940 4219 N
950 4165 959 4236 ll
973 4171 986 4219 7
1000 4166 1067 4219 urbe
1078 4179 1098 4219 N
1110 4166 1120 4238 ll
1132 4170 1148 4219 9
1160 4167 1292 4222 restitisse
1298 4175 1362 4239 post
1377 4170 1496 4239 pudebit
1505 4172 1550 4243 Nfl
1566 4175 1594 4223 11)

437 4251 502 4304 (1111
518 4281 546 4290 -
561 4250 671 4320 inquam
683 4268 725 4302 om
736 4262 752 4303 Ι
763 4251 772 4323 l
793 4255 822 4304 11
836 4253 947 4306 cohorta
958 4264 979 4306 a
991 4252 1001 4322 ΙΙ
1014 4269 1184 4305 summouere
1201 4252 1318 4307 Tollius:
1336 4257 1506 4311 summoueri
1517 4256 1592 4325 111111

436 4353 485 4389 nec
498 4336 586 4389 caelos
603 4337 646 4401 Nl
662 4340 692 4389 13
711 4336 838 4407 capitolio
857 4337 922 4391 ferri
939 4338 1080 4391 uideretur
1096 4349 1122 4390 N
1132 4338 1141 4409 ss
1153 4337 1246 4409 itaque
1264 4338 1336 4410 fugit
1352 4340 1412 4411 INfl
1427 4342 1460 4393 14
1478 4342 1596 4414 reooepit

435 4432 455 4473 11
467 4419 477 4491 ΙΙ
490 4422 583 4475 urbem
596 4429 698 4477 tantam
711 4440 766 4476 non
778 4422 916 4476 edoratam
926 4435 956 4488 1,
975 4423 1069 4483 urbem
1081 4430 1168 4477 totam
1180 4440 1235 4477 non
1247 4424 1417 4480 inadoratam
1427 4438 1448 4480 11
1461 4426 1471 4497 fl
1487 4431 1519 4482 16
1531 4427 1596 4499 quid

436 4505 521 4576 11111
535 4505 664 4563 insiderat
681 4521 706 4563 N
717 4510 725 4580 ll
741 4511 771 4561 19
790 4507 918 4561 immitari
937 4520 957 4561 B
970 4508 978 4579 ll
991 4508 1117 4561 fiduciam
1135 4508 1236 4563 imitari
1255 4522 1278 4563 N
1297 4510 1306 4581 ll
1324 4510 1496 4582 subiectique
1507 4524 1528 4565 1
1540 4512 1549 4582 l
1562 4514 1596 4565 11

437 4590 520 4644 luisse
531 4603 556 4644 N
567 4592 576 4661 11
589 4596 622 4645 13
634 4594 740 4667 ispania
750 4605 769 4646 a
781 4592 792 4663 ll
804 4591 923 4646 exercito
937 4593 952 4646 b
966 4593 975 4663 ll
989 4598 1022 4647 16
1035 4600 1140 4647 tantum
1154 4624 1188 4635 -
1196 4594 1351 4648 Metaurum
1362 4608 1438 4649 omN
1449 4595 1459 4666 ΙΙ
1472 4597 1595 4667 apudque

436 4688 451 4731 1
462 4675 471 4746 ll
485 4680 517 4732 28
530 4679 630 4746 angulo
642 4680 732 4734 italiae
744 4689 768 4731 N
779 4677 788 4747 ΙΙ
801 4687 985 4733 summoueret
995 4692 1030 4733 131
1040 4681 1049 4750 ll
