<?xml version="1.0" encoding="UTF-8"?>
<!DOCTYPE html PUBLIC "-//W3C//DTD XHTML 1.0 Transitional//EN"
    "http://www.w3.org/TR/xhtml1/DTD/xhtml1-transitional.dtd">
<html xmlns="http://www.w3.org/1999/xhtml" xml:lang="en" lang="en">
 <head>
  <title>
</title>
<meta http-equiv="Content-Type" content="text/html;charset=utf-8" />
  <meta name='ocr-system' content='tesseract 3.04.00' />
  <meta name='ocr-capabilities' content='ocr_page ocr_carea ocr_par ocr_line ocrx_word'/>
</head>
<body>
  <div class='ocr_page' id='page_1' title='image "./iulifloriepitom00florgoog_0018.png"; bbox 0 0 3809 5534; ppageno 0'>
   <div class='ocr_carea' id='block_1_1' title="bbox 431 586 1113 643">
    <p class='ocr_par' dir='ltr' id='par_1_1' title="bbox 431 586 1113 643">
     <span class='ocr_line' id='line_1_1' title="bbox 431 586 1113 643; baseline -0.001 -2"><span class='ocrx_word' id='word_1_1' title='bbox 431 586 492 642; x_wconf 88' lang='lat' dir='ltr'>XII</span> <span class='ocrx_word' id='word_1_2' title='bbox 916 597 1113 643; x_wconf 76' lang='grc'>1111111110.</span> 
     </span>
    </p>
   </div>
   <div class='ocr_carea' id='block_1_2' title="bbox 365 747 1611 4757">
    <p class='ocr_par' dir='ltr' id='par_1_2' title="bbox 433 747 1604 1363">
     <span class='ocr_line' id='line_1_2' title="bbox 433 747 1604 828; baseline 0 -15"><span class='ocrx_word' id='word_1_3' title='bbox 433 752 571 813; x_wconf 89' lang='lat' dir='ltr'>eundem</span> <span class='ocrx_word' id='word_1_4' title='bbox 586 772 655 813; x_wconf 87' lang='lat' dir='ltr'>esse</span> <span class='ocrx_word' id='word_1_5' title='bbox 671 747 818 813; x_wconf 89' lang='lat' dir='ltr'>codicum</span> <span class='ocrx_word' id='word_1_6' title='bbox 840 754 878 813; x_wconf 92' lang='lat' dir='ltr'><em>N</em></span> <span class='ocrx_word' id='word_1_7' title='bbox 895 760 927 812; x_wconf 93' lang='lat' dir='ltr'>et</span> <span class='ocrx_word' id='word_1_8' title='bbox 949 750 1129 828; x_wconf 79' lang='grc' dir='ltr'>ς101110111,</span> <span class='ocrx_word' id='word_1_9' title='bbox 1156 748 1320 812; x_wconf 89' lang='lat' dir='ltr'>diuersum</span> <span class='ocrx_word' id='word_1_10' title='bbox 1340 750 1380 811; x_wconf 85' lang='lat' dir='ltr'>ab</span> <span class='ocrx_word' id='word_1_11' title='bbox 1395 770 1433 812; x_wconf 89' lang='lat' dir='ltr'>eo</span> <span class='ocrx_word' id='word_1_12' title='bbox 1462 752 1549 813; x_wconf 91' lang='lat' dir='ltr'>unde</span> <span class='ocrx_word' id='word_1_13' title='bbox 1573 760 1604 813; x_wconf 91' lang='lat' dir='ltr'><em>B</em></span> 
     </span>
     <span class='ocr_line' id='line_1_3' title="bbox 433 854 1599 937; baseline 0.001 -19"><span class='ocrx_word' id='word_1_14' title='bbox 433 856 598 919; x_wconf 91' lang='lat' dir='ltr'>deriuatus</span> <span class='ocrx_word' id='word_1_15' title='bbox 619 866 677 919; x_wconf 87' lang='lat' dir='ltr'>est.</span> <span class='ocrx_word' id='word_1_16' title='bbox 718 854 857 937; x_wconf 92' lang='lat' dir='ltr'>denique</span> <span class='ocrx_word' id='word_1_17' title='bbox 871 855 987 917; x_wconf 92' lang='lat' dir='ltr'>ultimo</span> <span class='ocrx_word' id='word_1_18' title='bbox 1002 855 1094 930; x_wconf 90' lang='lat' dir='ltr'>libro,</span> <span class='ocrx_word' id='word_1_19' title='bbox 1120 854 1177 917; x_wconf 92' lang='lat' dir='ltr'>ubi</span> <span class='ocrx_word' id='word_1_20' title='bbox 1199 863 1227 917; x_wconf 93' lang='lat' dir='ltr'><em>B</em></span> <span class='ocrx_word' id='word_1_21' title='bbox 1249 855 1375 932; x_wconf 91' lang='lat' dir='ltr'>deficit,</span> <span class='ocrx_word' id='word_1_22' title='bbox 1401 855 1480 918; x_wconf 90' lang='lat' dir='ltr'>haec</span> <span class='ocrx_word' id='word_1_23' title='bbox 1503 857 1599 935; x_wconf 87' lang='lat' dir='ltr'>uitia,</span> 
     </span>
     <span class='ocr_line' id='line_1_4' title="bbox 433 961 1223 1044; baseline 0 -20"><span class='ocrx_word' id='word_1_24' title='bbox 433 962 550 1044; x_wconf 90' lang='lat' dir='ltr'>quibus</span> <span class='ocrx_word' id='word_1_25' title='bbox 571 970 609 1026; x_wconf 89' lang='lat' dir='ltr'><em>N</em></span> <span class='ocrx_word' id='word_1_26' title='bbox 620 964 808 1044; x_wconf 89' lang='lat' dir='ltr'>deturpatus</span> <span class='ocrx_word' id='word_1_27' title='bbox 824 971 888 1037; x_wconf 87' lang='lat' dir='ltr'>est,</span> <span class='ocrx_word' id='word_1_28' title='bbox 906 961 942 1023; x_wconf 92' lang='lat' dir='ltr'>in</span> <span class='ocrx_word' id='word_1_29' title='bbox 958 970 1133 1040; x_wconf 63' lang='lat' dir='ltr'>§correcta</span> <span class='ocrx_word' id='word_1_30' title='bbox 1147 972 1223 1024; x_wconf 88' lang='lat' dir='ltr'>sunt</span> 
     </span>
     <span class='ocr_line' id='line_1_5' title="bbox 568 1068 1055 1151; baseline -0.004 -20"><span class='ocrx_word' id='word_1_31' title='bbox 568 1072 679 1151; x_wconf 85' lang='lat' dir='ltr'>p123,</span> <span class='ocrx_word' id='word_1_32' title='bbox 720 1068 929 1146; x_wconf 72' lang='lat' dir='ltr'>badaddg:</span> <span class='ocrx_word' id='word_1_33' title='bbox 954 1073 1055 1130; x_wconf 87' lang='lat' dir='ltr'>omN</span> 
     </span>
     <span class='ocr_line' id='line_1_6' title="bbox 604 1172 1602 1257; baseline 0.002 -20"><span class='ocrx_word' id='word_1_34' title='bbox 604 1180 674 1250; x_wconf 86' lang='lat'><strong>123,</strong></span> <span class='ocrx_word' id='word_1_35' title='bbox 715 1179 732 1235; x_wconf 91' lang='lat'>8</span> <span class='ocrx_word' id='word_1_36' title='bbox 749 1172 903 1236; x_wconf 90' lang='lat' dir='ltr'>uictorem</span> <span class='ocrx_word' id='word_1_37' title='bbox 918 1173 1065 1257; x_wconf 90' lang='lat' dir='ltr'>gentium</span> <span class='ocrx_word' id='word_1_38' title='bbox 1080 1174 1238 1256; x_wconf 90' lang='lat' dir='ltr'>populum</span> <span class='ocrx_word' id='word_1_39' title='bbox 1252 1195 1421 1237; x_wconf 88' lang='lat' dir='ltr'>romanum</span> <span class='ocrx_word' id='word_1_40' title='bbox 1437 1194 1476 1253; x_wconf 87' lang='grc' dir='ltr'>ς.·</span> <span class='ocrx_word' id='word_1_41' title='bbox 1498 1175 1602 1239; x_wconf 87' lang='lat' dir='ltr'>uicto·</span> 
     </span>
     <span class='ocr_line' id='line_1_7' title="bbox 747 1279 1309 1363; baseline 0.004 -22"><span class='ocrx_word' id='word_1_42' title='bbox 747 1279 828 1343; x_wconf 89' lang='lat' dir='ltr'>riam</span> <span class='ocrx_word' id='word_1_43' title='bbox 844 1279 992 1362; x_wconf 90' lang='lat' dir='ltr'>gentium</span> <span class='ocrx_word' id='word_1_44' title='bbox 1007 1279 1119 1363; x_wconf 93' lang='lat' dir='ltr'>populi</span> <span class='ocrx_word' id='word_1_45' title='bbox 1133 1280 1257 1342; x_wconf 91' lang='lat' dir='ltr'>romani</span> <span class='ocrx_word' id='word_1_46' title='bbox 1271 1284 1309 1343; x_wconf 88' lang='lat' dir='ltr'><em>N</em></span> 
     </span>
    </p>

    <p class='ocr_par' dir='ltr' id='par_1_3' title="bbox 602 1384 1229 1470">
     <span class='ocr_line' id='line_1_8' title="bbox 602 1384 1229 1470; baseline 0 -21"><span class='ocrx_word' id='word_1_47' title='bbox 602 1394 672 1463; x_wconf 89' lang='grc'>123,</span> <span class='ocrx_word' id='word_1_48' title='bbox 695 1394 731 1450; x_wconf 81' lang='grc'>15</span> <span class='ocrx_word' id='word_1_49' title='bbox 747 1386 924 1469; x_wconf 87' lang='lat' dir='ltr'>paeniteret</span> <span class='ocrx_word' id='word_1_50' title='bbox 940 1406 982 1464; x_wconf 85' lang='grc' dir='ltr'>ς.·</span> <span class='ocrx_word' id='word_1_51' title='bbox 1005 1384 1179 1470; x_wconf 87' lang='lat' dir='ltr'>pertineret</span> <span class='ocrx_word' id='word_1_52' title='bbox 1192 1392 1229 1449; x_wconf 92' lang='lat' dir='ltr'><em>N</em></span> 
     </span>
    </p>

    <p class='ocr_par' dir='ltr' id='par_1_4' title="bbox 366 1492 1602 2743">
     <span class='ocr_line' id='line_1_9' title="bbox 603 1492 1078 1574; baseline 0 -20"><span class='ocrx_word' id='word_1_53' title='bbox 603 1497 673 1569; x_wconf 83' lang='lat'><strong>123,</strong></span> <span class='ocrx_word' id='word_1_54' title='bbox 696 1501 730 1555; x_wconf 87' lang='grc'>17</span> <span class='ocrx_word' id='word_1_55' title='bbox 749 1515 857 1555; x_wconf 89' lang='lat' dir='ltr'>caesar</span> <span class='ocrx_word' id='word_1_56' title='bbox 872 1511 911 1569; x_wconf 69' lang='lat'>5.-</span> <span class='ocrx_word' id='word_1_57' title='bbox 934 1492 1026 1574; x_wconf 88' lang='lat' dir='ltr'>gaius</span> <span class='ocrx_word' id='word_1_58' title='bbox 1041 1497 1078 1554; x_wconf 95' lang='lat' dir='ltr'><em>N</em></span> 
     </span>
     <span class='ocr_line' id='line_1_10' title="bbox 433 1597 1598 1682; baseline 0.001 -21"><span class='ocrx_word' id='word_1_59' title='bbox 433 1599 599 1682; x_wconf 89' lang='lat' dir='ltr'>dequibus</span> <span class='ocrx_word' id='word_1_60' title='bbox 615 1621 672 1660; x_wconf 90' lang='lat' dir='ltr'>cur</span> <span class='ocrx_word' id='word_1_61' title='bbox 687 1598 779 1660; x_wconf 90' lang='lat' dir='ltr'>aliter</span> <span class='ocrx_word' id='word_1_62' title='bbox 793 1597 973 1661; x_wconf 90' lang='lat' dir='ltr'>iudicemus</span> <span class='ocrx_word' id='word_1_63' title='bbox 986 1599 1077 1660; x_wconf 88' lang='lat' dir='ltr'>nulla</span> <span class='ocrx_word' id='word_1_64' title='bbox 1088 1621 1185 1660; x_wconf 90' lang='lat' dir='ltr'>causa</span> <span class='ocrx_word' id='word_1_65' title='bbox 1197 1609 1256 1661; x_wconf 88' lang='lat' dir='ltr'>est</span> <span class='ocrx_word' id='word_1_66' title='bbox 1271 1620 1443 1680; x_wconf 91' lang='lat' dir='ltr'>quaecum</span> <span class='ocrx_word' id='word_1_67' title='bbox 1457 1598 1504 1660; x_wconf 91' lang='lat' dir='ltr'>ita</span> <span class='ocrx_word' id='word_1_68' title='bbox 1520 1599 1598 1677; x_wconf 89' lang='lat' dir='ltr'>sint,</span> 
     </span>
     <span class='ocr_line' id='line_1_11' title="bbox 433 1703 1602 1788; baseline 0 -21"><span class='ocrx_word' id='word_1_69' title='bbox 433 1705 568 1768; x_wconf 91' lang='lat' dir='ltr'>dubium</span> <span class='ocrx_word' id='word_1_70' title='bbox 584 1726 653 1767; x_wconf 90' lang='lat' dir='ltr'>esse</span> <span class='ocrx_word' id='word_1_71' title='bbox 668 1703 780 1785; x_wconf 91' lang='lat' dir='ltr'>nequit</span> <span class='ocrx_word' id='word_1_72' title='bbox 802 1704 899 1786; x_wconf 90' lang='lat' dir='ltr'>quin,</span> <span class='ocrx_word' id='word_1_73' title='bbox 917 1704 945 1767; x_wconf 87' lang='lat' dir='ltr'>si</span> <span class='ocrx_word' id='word_1_74' title='bbox 960 1704 1038 1788; x_wconf 93' lang='lat' dir='ltr'>quid</span> <span class='ocrx_word' id='word_1_75' title='bbox 1053 1704 1087 1765; x_wconf 92' lang='lat' dir='ltr'>in</span> <span class='ocrx_word' id='word_1_76' title='bbox 1103 1725 1123 1783; x_wconf 91' lang='grc' dir='ltr'><em>ς</em></span> <span class='ocrx_word' id='word_1_77' title='bbox 1136 1704 1323 1766; x_wconf 89' lang='lat' dir='ltr'>inueniatur</span> <span class='ocrx_word' id='word_1_78' title='bbox 1338 1705 1423 1787; x_wconf 94' lang='lat' dir='ltr'>quod</span> <span class='ocrx_word' id='word_1_79' title='bbox 1437 1705 1602 1787; x_wconf 84' lang='lat' dir='ltr'>probabile</span> 
     </span>
     <span class='ocr_line' id='line_1_12' title="bbox 434 1809 1601 1893; baseline 0.001 -19"><span class='ocrx_word' id='word_1_80' title='bbox 434 1812 487 1887; x_wconf 90' lang='lat' dir='ltr'>sit,</span> <span class='ocrx_word' id='word_1_81' title='bbox 506 1811 541 1872; x_wconf 90' lang='lat' dir='ltr'>id</span> <span class='ocrx_word' id='word_1_82' title='bbox 556 1810 739 1873; x_wconf 90' lang='lat' dir='ltr'>coniectura</span> <span class='ocrx_word' id='word_1_83' title='bbox 753 1820 914 1892; x_wconf 90' lang='lat' dir='ltr'>repertum</span> <span class='ocrx_word' id='word_1_84' title='bbox 929 1810 1004 1873; x_wconf 91' lang='lat' dir='ltr'>duci</span> <span class='ocrx_word' id='word_1_85' title='bbox 1020 1821 1163 1893; x_wconf 83' lang='lat' dir='ltr'>oporteat</span> <span class='ocrx_word' id='word_1_86' title='bbox 1178 1832 1283 1892; x_wconf 91' lang='lat' dir='ltr'>neque</span> <span class='ocrx_word' id='word_1_87' title='bbox 1297 1809 1478 1893; x_wconf 90' lang='lat' dir='ltr'>grauiorem</span> <span class='ocrx_word' id='word_1_88' title='bbox 1493 1822 1601 1875; x_wconf 88' lang='lat' dir='ltr'>aucto-</span> 
     </span>
     <span class='ocr_line' id='line_1_13' title="bbox 366 1916 1601 2000; baseline 0.002 -23"><span class='ocrx_word' id='word_1_89' title='bbox 366 1942 369 1947; x_wconf 95' lang='lat'>·</span> <span class='ocrx_word' id='word_1_90' title='bbox 433 1916 564 1978; x_wconf 91' lang='lat' dir='ltr'>ritatem</span> <span class='ocrx_word' id='word_1_91' title='bbox 578 1917 712 1991; x_wconf 83' lang='lat' dir='ltr'>habeat3</span> <span class='ocrx_word' id='word_1_92' title='bbox 738 1939 819 1999; x_wconf 91' lang='lat' dir='ltr'>quae</span> <span class='ocrx_word' id='word_1_93' title='bbox 838 1940 935 2000; x_wconf 87' lang='lat' dir='ltr'>quam</span> <span class='ocrx_word' id='word_1_94' title='bbox 955 1938 1058 1999; x_wconf 87' lang='lat' dir='ltr'>pauca</span> <span class='ocrx_word' id='word_1_95' title='bbox 1072 1917 1138 1979; x_wconf 86' lang='lat' dir='ltr'>sint</span> <span class='ocrx_word' id='word_1_96' title='bbox 1153 1918 1408 1979; x_wconf 87' lang='lat' dir='ltr'>demonstratum</span> <span class='ocrx_word' id='word_1_97' title='bbox 1423 1927 1482 1979; x_wconf 88' lang='lat' dir='ltr'>est.</span> <span class='ocrx_word' id='word_1_98' title='bbox 1515 1940 1601 2000; x_wconf 92' lang='lat' dir='ltr'>pror-</span> 
     </span>
     <span class='ocr_line' id='line_1_14' title="bbox 435 2021 1602 2105; baseline 0.003 -22"><span class='ocrx_word' id='word_1_99' title='bbox 435 2044 489 2084; x_wconf 88' lang='lat' dir='ltr'>sus</span> <span class='ocrx_word' id='word_1_100' title='bbox 512 2044 787 2105; x_wconf 88' lang='lat' dir='ltr'>superuacaneum</span> <span class='ocrx_word' id='word_1_101' title='bbox 808 2021 909 2105; x_wconf 90' lang='lat' dir='ltr'>igitur</span> <span class='ocrx_word' id='word_1_102' title='bbox 934 2034 1003 2086; x_wconf 87' lang='lat' dir='ltr'>erat</span> <span class='ocrx_word' id='word_1_103' title='bbox 1023 2022 1308 2105; x_wconf 90' lang='lat' dir='ltr'>interpolationum</span> <span class='ocrx_word' id='word_1_104' title='bbox 1329 2033 1425 2104; x_wconf 90' lang='lat' dir='ltr'>atque</span> <span class='ocrx_word' id='word_1_105' title='bbox 1446 2023 1602 2086; x_wconf 90' lang='lat' dir='ltr'>uitiorum</span> 
     </span>
     <span class='ocr_line' id='line_1_15' title="bbox 435 2128 1601 2212; baseline 0.003 -23"><span class='ocrx_word' id='word_1_106' title='bbox 435 2150 475 2190; x_wconf 88' lang='lat' dir='ltr'>ex</span> <span class='ocrx_word' id='word_1_107' title='bbox 490 2128 558 2190; x_wconf 89' lang='lat' dir='ltr'>sola</span> <span class='ocrx_word' id='word_1_108' title='bbox 578 2128 778 2191; x_wconf 81' lang='lat' dir='ltr'>librariorum</span> <span class='ocrx_word' id='word_1_109' title='bbox 799 2129 1005 2212; x_wconf 84' lang='lat' dir='ltr'>neglegentia</span> <span class='ocrx_word' id='word_1_110' title='bbox 1030 2139 1265 2212; x_wconf 84' lang='lat' dir='ltr'>procreatorum</span> <span class='ocrx_word' id='word_1_111' title='bbox 1287 2128 1448 2211; x_wconf 82' lang='lat' dir='ltr'>farragine</span> <span class='ocrx_word' id='word_1_112' title='bbox 1470 2129 1601 2211; x_wconf 88' lang='lat' dir='ltr'>scripto·</span> 
     </span>
     <span class='ocr_line' id='line_1_16' title="bbox 434 2235 1601 2320; baseline 0.004 -25"><span class='ocrx_word' id='word_1_113' title='bbox 434 2256 502 2296; x_wconf 92' lang='lat' dir='ltr'>rem</span> <span class='ocrx_word' id='word_1_114' title='bbox 518 2256 660 2297; x_wconf 88' lang='lat' dir='ltr'>onerare.</span> <span class='ocrx_word' id='word_1_115' title='bbox 685 2237 770 2317; x_wconf 94' lang='lat' dir='ltr'>quod</span> <span class='ocrx_word' id='word_1_116' title='bbox 785 2235 813 2297; x_wconf 91' lang='lat' dir='ltr'>si</span> <span class='ocrx_word' id='word_1_117' title='bbox 828 2235 899 2317; x_wconf 91' lang='lat' dir='ltr'>quis</span> <span class='ocrx_word' id='word_1_118' title='bbox 914 2236 950 2297; x_wconf 89' lang='lat' dir='ltr'>in</span> <span class='ocrx_word' id='word_1_119' title='bbox 966 2235 1110 2298; x_wconf 89' lang='lat' dir='ltr'>animum</span> <span class='ocrx_word' id='word_1_120' title='bbox 1124 2235 1275 2297; x_wconf 87' lang='lat' dir='ltr'>inducere</span> <span class='ocrx_word' id='word_1_121' title='bbox 1295 2235 1384 2296; x_wconf 89' lang='lat' dir='ltr'>uolet</span> <span class='ocrx_word' id='word_1_122' title='bbox 1406 2258 1446 2297; x_wconf 87' lang='lat' dir='ltr'>ex</span> <span class='ocrx_word' id='word_1_123' title='bbox 1461 2235 1601 2320; x_wconf 86' lang='lat' dir='ltr'>interpo-</span> 
     </span>
     <span class='ocr_line' id='line_1_17' title="bbox 435 2339 1600 2421; baseline 0.002 -19"><span class='ocrx_word' id='word_1_124' title='bbox 435 2339 509 2402; x_wconf 88' lang='lat' dir='ltr'>latis</span> <span class='ocrx_word' id='word_1_125' title='bbox 524 2339 729 2421; x_wconf 88' lang='lat' dir='ltr'>potissimum</span> <span class='ocrx_word' id='word_1_126' title='bbox 745 2340 908 2403; x_wconf 85' lang='lat' dir='ltr'>codicibus</span> <span class='ocrx_word' id='word_1_127' title='bbox 929 2341 1017 2404; x_wconf 88' lang='lat' dir='ltr'>Flori</span> <span class='ocrx_word' id='word_1_128' title='bbox 1038 2343 1138 2404; x_wconf 89' lang='lat' dir='ltr'>uerba</span> <span class='ocrx_word' id='word_1_129' title='bbox 1159 2340 1326 2403; x_wconf 89' lang='lat' dir='ltr'>restituere</span> <span class='ocrx_word' id='word_1_130' title='bbox 1349 2378 1389 2387; x_wconf 96' lang='lat'>—</span> <span class='ocrx_word' id='word_1_131' title='bbox 1412 2351 1444 2403; x_wconf 91' lang='lat' dir='ltr'>et</span> <span class='ocrx_word' id='word_1_132' title='bbox 1466 2342 1551 2404; x_wconf 91' lang='lat' dir='ltr'>nihil</span> <span class='ocrx_word' id='word_1_133' title='bbox 1566 2343 1600 2404; x_wconf 91' lang='lat' dir='ltr'>in</span> 
     </span>
     <span class='ocr_line' id='line_1_18' title="bbox 433 2446 1602 2530; baseline 0.003 -23"><span class='ocrx_word' id='word_1_134' title='bbox 433 2446 494 2507; x_wconf 91' lang='lat' dir='ltr'>hoc</span> <span class='ocrx_word' id='word_1_135' title='bbox 509 2467 625 2529; x_wconf 86' lang='lat' dir='ltr'>genere</span> <span class='ocrx_word' id='word_1_136' title='bbox 640 2448 873 2530; x_wconf 83' lang='lat' dir='ltr'>desperandum</span> <span class='ocrx_word' id='word_1_137' title='bbox 886 2458 933 2510; x_wconf 86' lang='lat' dir='ltr'>est</span> <span class='ocrx_word' id='word_1_138' title='bbox 945 2447 1025 2510; x_wconf 91' lang='lat' dir='ltr'>——is</span> <span class='ocrx_word' id='word_1_139' title='bbox 1038 2450 1124 2530; x_wconf 88' lang='lat' dir='ltr'>apud</span> <span class='ocrx_word' id='word_1_140' title='bbox 1136 2447 1306 2509; x_wconf 88' lang='lat' dir='ltr'>Dukerum</span> <span class='ocrx_word' id='word_1_141' title='bbox 1326 2457 1438 2529; x_wconf 89' lang='lat' dir='ltr'>parata</span> <span class='ocrx_word' id='word_1_142' title='bbox 1454 2447 1602 2511; x_wconf 90' lang='lat' dir='ltr'>inueniet</span> 
     </span>
     <span class='ocr_line' id='line_1_19' title="bbox 435 2551 1600 2637; baseline 0.002 -24"><span class='ocrx_word' id='word_1_143' title='bbox 435 2551 551 2634; x_wconf 91' lang='lat' dir='ltr'>quibus</span> <span class='ocrx_word' id='word_1_144' title='bbox 574 2554 742 2629; x_wconf 89' lang='lat' dir='ltr'>abutatur,</span> <span class='ocrx_word' id='word_1_145' title='bbox 769 2564 802 2615; x_wconf 92' lang='grc'>01</span> <span class='ocrx_word' id='word_1_146' title='bbox 824 2554 911 2617; x_wconf 87' lang='lat' dir='ltr'>facili</span> <span class='ocrx_word' id='word_1_147' title='bbox 933 2576 1029 2637; x_wconf 88' lang='lat' dir='ltr'>opera</span> <span class='ocrx_word' id='word_1_148' title='bbox 1044 2576 1186 2617; x_wconf 89' lang='lat' dir='ltr'>errorum</span> <span class='ocrx_word' id='word_1_149' title='bbox 1201 2553 1325 2636; x_wconf 88' lang='lat' dir='ltr'>copiam</span> <span class='ocrx_word' id='word_1_150' title='bbox 1341 2576 1381 2615; x_wconf 85' lang='lat' dir='ltr'>ex</span> <span class='ocrx_word' id='word_1_151' title='bbox 1397 2553 1468 2617; x_wconf 90' lang='lat' dir='ltr'>aliis</span> <span class='ocrx_word' id='word_1_152' title='bbox 1485 2553 1600 2617; x_wconf 90' lang='lat' dir='ltr'>codici·</span> 
     </span>
     <span class='ocr_line' id='line_1_20' title="bbox 433 2659 769 2743; baseline 0.003 -23"><span class='ocrx_word' id='word_1_153' title='bbox 433 2659 494 2721; x_wconf 89' lang='lat' dir='ltr'>bus</span> <span class='ocrx_word' id='word_1_154' title='bbox 511 2681 626 2743; x_wconf 89' lang='lat' dir='ltr'>augere</span> <span class='ocrx_word' id='word_1_155' title='bbox 641 2659 769 2742; x_wconf 91' lang='lat' dir='ltr'>poterit.</span> 
     </span>
    </p>

    <p class='ocr_par' dir='ltr' id='par_1_5' title="bbox 365 2764 1611 4227">
     <span class='ocr_line' id='line_1_21' title="bbox 519 2764 1602 2849; baseline 0 -22"><span class='ocrx_word' id='word_1_156' title='bbox 519 2765 608 2829; x_wconf 91' lang='lat' dir='ltr'>Artis</span> <span class='ocrx_word' id='word_1_157' title='bbox 624 2764 751 2827; x_wconf 88' lang='lat' dir='ltr'>criticae</span> <span class='ocrx_word' id='word_1_158' title='bbox 767 2766 876 2847; x_wconf 88' lang='lat' dir='ltr'>paullo</span> <span class='ocrx_word' id='word_1_159' title='bbox 891 2767 1056 2849; x_wconf 91' lang='lat' dir='ltr'>peritiores</span> <span class='ocrx_word' id='word_1_160' title='bbox 1071 2789 1138 2829; x_wconf 92' lang='lat' dir='ltr'>non</span> <span class='ocrx_word' id='word_1_161' title='bbox 1153 2767 1367 2842; x_wconf 88' lang='lat' dir='ltr'>dubitabunt,</span> <span class='ocrx_word' id='word_1_162' title='bbox 1390 2768 1504 2842; x_wconf 89' lang='lat' dir='ltr'>credo,</span> <span class='ocrx_word' id='word_1_163' title='bbox 1522 2766 1602 2848; x_wconf 91' lang='lat' dir='ltr'>quin</span> 
     </span>
     <span class='ocr_line' id='line_1_22' title="bbox 435 2869 1600 2955; baseline 0.001 -23"><span class='ocrx_word' id='word_1_164' title='bbox 435 2869 597 2932; x_wconf 88' lang='lat' dir='ltr'>codicibus</span> <span class='ocrx_word' id='word_1_165' title='bbox 613 2870 842 2934; x_wconf 87' lang='lat' dir='ltr'>recentioribus</span> <span class='ocrx_word' id='word_1_166' title='bbox 857 2872 983 2935; x_wconf 91' lang='lat' dir='ltr'>omissis</span> <span class='ocrx_word' id='word_1_167' title='bbox 996 2881 1035 2948; x_wconf 88' lang='lat' dir='ltr'>B,</span> <span class='ocrx_word' id='word_1_168' title='bbox 1050 2872 1195 2935; x_wconf 90' lang='lat' dir='ltr'>adhibito</span> <span class='ocrx_word' id='word_1_169' title='bbox 1209 2873 1266 2935; x_wconf 93' lang='lat' dir='ltr'>ubi</span> <span class='ocrx_word' id='word_1_170' title='bbox 1281 2873 1351 2936; x_wconf 90' lang='lat' dir='ltr'>fieri</span> <span class='ocrx_word' id='word_1_171' title='bbox 1365 2882 1472 2955; x_wconf 87' lang='lat' dir='ltr'>potest</span> <span class='ocrx_word' id='word_1_172' title='bbox 1483 2878 1513 2948; x_wconf 91' lang='lat' dir='ltr'>I,</span> <span class='ocrx_word' id='word_1_173' title='bbox 1527 2872 1600 2933; x_wconf 86' lang='lat' dir='ltr'>fun·</span> 
     </span>
     <span class='ocr_line' id='line_1_23' title="bbox 435 2977 1600 3061; baseline 0.004 -25"><span class='ocrx_word' id='word_1_174' title='bbox 435 2977 623 3038; x_wconf 80' lang='lat' dir='ltr'>dementum</span> <span class='ocrx_word' id='word_1_175' title='bbox 638 2998 732 3040; x_wconf 91' lang='lat' dir='ltr'>uerae</span> <span class='ocrx_word' id='word_1_176' title='bbox 747 2977 895 3041; x_wconf 85' lang='lat' dir='ltr'>lectionis</span> <span class='ocrx_word' id='word_1_177' title='bbox 910 2978 1127 3041; x_wconf 84' lang='lat' dir='ltr'>restituendae</span> <span class='ocrx_word' id='word_1_178' title='bbox 1143 2979 1311 3042; x_wconf 90' lang='lat' dir='ltr'>habendus</span> <span class='ocrx_word' id='word_1_179' title='bbox 1327 2979 1379 3041; x_wconf 90' lang='lat' dir='ltr'>sit.</span> <span class='ocrx_word' id='word_1_180' title='bbox 1405 2980 1461 3041; x_wconf 85' lang='lat' dir='ltr'>sed</span> <span class='ocrx_word' id='word_1_181' title='bbox 1476 2979 1531 3040; x_wconf 91' lang='lat' dir='ltr'>uel</span> <span class='ocrx_word' id='word_1_182' title='bbox 1547 3000 1600 3061; x_wconf 90' lang='lat' dir='ltr'>op·</span> 
     </span>
     <span class='ocr_line' id='line_1_24' title="bbox 365 3081 1598 3167; baseline 0.002 -24"><span class='ocrx_word' id='word_1_183' title='bbox 365 3151 369 3157; x_wconf 46' lang='grc'>,</span> <span class='ocrx_word' id='word_1_184' title='bbox 435 3081 532 3145; x_wconf 89' lang='lat' dir='ltr'>timus</span> <span class='ocrx_word' id='word_1_185' title='bbox 549 3083 650 3144; x_wconf 85' lang='lat' dir='ltr'>codex</span> <span class='ocrx_word' id='word_1_186' title='bbox 664 3105 730 3145; x_wconf 92' lang='lat' dir='ltr'>non</span> <span class='ocrx_word' id='word_1_187' title='bbox 752 3083 895 3147; x_wconf 91' lang='lat' dir='ltr'>inmunis</span> <span class='ocrx_word' id='word_1_188' title='bbox 917 3107 937 3147; x_wconf 91' lang='lat' dir='ltr'>a</span> <span class='ocrx_word' id='word_1_189' title='bbox 957 3085 1046 3148; x_wconf 90' lang='lat' dir='ltr'>uitiis</span> <span class='ocrx_word' id='word_1_190' title='bbox 1068 3096 1117 3148; x_wconf 87' lang='lat' dir='ltr'>ost</span> <span class='ocrx_word' id='word_1_191' title='bbox 1139 3108 1221 3167; x_wconf 89' lang='lat' dir='ltr'>quae</span> <span class='ocrx_word' id='word_1_192' title='bbox 1243 3083 1468 3147; x_wconf 88' lang='lat' dir='ltr'>emendatione</span> <span class='ocrx_word' id='word_1_193' title='bbox 1491 3094 1598 3167; x_wconf 88' lang='lat' dir='ltr'>egent,</span> 
     </span>
     <span class='ocr_line' id='line_1_25' title="bbox 434 3187 1601 3271; baseline 0.001 -21"><span class='ocrx_word' id='word_1_194' title='bbox 434 3187 503 3250; x_wconf 87' lang='lat' dir='ltr'>siue</span> <span class='ocrx_word' id='word_1_195' title='bbox 518 3211 559 3251; x_wconf 86' lang='lat' dir='ltr'>ex</span> <span class='ocrx_word' id='word_1_196' title='bbox 574 3189 807 3271; x_wconf 90' lang='lat' dir='ltr'>antiquioribus</span> <span class='ocrx_word' id='word_1_197' title='bbox 823 3190 913 3253; x_wconf 91' lang='lat' dir='ltr'>libris</span> <span class='ocrx_word' id='word_1_198' title='bbox 929 3192 1085 3254; x_wconf 88' lang='lat' dir='ltr'>translata</span> <span class='ocrx_word' id='word_1_199' title='bbox 1100 3191 1183 3265; x_wconf 91' lang='lat' dir='ltr'>sint,</span> <span class='ocrx_word' id='word_1_200' title='bbox 1201 3191 1269 3254; x_wconf 91' lang='lat' dir='ltr'>siue</span> <span class='ocrx_word' id='word_1_201' title='bbox 1285 3214 1325 3253; x_wconf 86' lang='lat' dir='ltr'>ex</span> <span class='ocrx_word' id='word_1_202' title='bbox 1340 3190 1462 3252; x_wconf 90' lang='lat' dir='ltr'>librarii</span> <span class='ocrx_word' id='word_1_203' title='bbox 1477 3189 1601 3252; x_wconf 90' lang='lat' dir='ltr'>incuria</span> 
     </span>
     <span class='ocr_line' id='line_1_26' title="bbox 433 3292 1599 3380; baseline 0.001 -26"><span class='ocrx_word' id='word_1_204' title='bbox 433 3303 521 3355; x_wconf 89' lang='lat' dir='ltr'>nata.</span> <span class='ocrx_word' id='word_1_205' title='bbox 555 3296 691 3377; x_wconf 89' lang='lat' dir='ltr'>adquae</span> <span class='ocrx_word' id='word_1_206' title='bbox 707 3297 974 3379; x_wconf 88' lang='lat' dir='ltr'>deprehendenda</span> <span class='ocrx_word' id='word_1_207' title='bbox 988 3307 1084 3380; x_wconf 87' lang='lat' dir='ltr'>atque</span> <span class='ocrx_word' id='word_1_208' title='bbox 1101 3298 1243 3359; x_wconf 92' lang='lat' dir='ltr'>tollenda</span> <span class='ocrx_word' id='word_1_209' title='bbox 1257 3295 1424 3379; x_wconf 87' lang='lat' dir='ltr'>permagni</span> <span class='ocrx_word' id='word_1_210' title='bbox 1444 3292 1599 3358; x_wconf 91' lang='lat' dir='ltr'>momenti</span> 
     </span>
     <span class='ocr_line' id='line_1_27' title="bbox 434 3401 1599 3486; baseline 0 -23"><span class='ocrx_word' id='word_1_211' title='bbox 434 3411 483 3464; x_wconf 86' lang='lat' dir='ltr'>est</span> <span class='ocrx_word' id='word_1_212' title='bbox 498 3403 598 3464; x_wconf 86' lang='lat' dir='ltr'>codex</span> <span class='ocrx_word' id='word_1_213' title='bbox 618 3402 746 3485; x_wconf 89' lang='lat' dir='ltr'>qualem</span> <span class='ocrx_word' id='word_1_214' title='bbox 767 3408 805 3464; x_wconf 95' lang='lat' dir='ltr'><em>N</em></span> <span class='ocrx_word' id='word_1_215' title='bbox 821 3403 978 3466; x_wconf 86' lang='lat' dir='ltr'>habemus</span> <span class='ocrx_word' id='word_1_216' title='bbox 987 3451 997 3479; x_wconf 90' lang='lat'><em>‚</em></span> <span class='ocrx_word' id='word_1_217' title='bbox 1015 3402 1071 3486; x_wconf 93' lang='lat' dir='ltr'>qui</span> <span class='ocrx_word' id='word_1_218' title='bbox 1086 3425 1281 3485; x_wconf 86' lang='lat' dir='ltr'>quamquam</span> <span class='ocrx_word' id='word_1_219' title='bbox 1295 3402 1331 3464; x_wconf 92' lang='lat' dir='ltr'>in</span> <span class='ocrx_word' id='word_1_220' title='bbox 1346 3402 1537 3464; x_wconf 89' lang='lat' dir='ltr'>uniuersum</span> <span class='ocrx_word' id='word_1_221' title='bbox 1552 3401 1599 3463; x_wconf 91' lang='lat' dir='ltr'>in·</span> 
     </span>
     <span class='ocr_line' id='line_1_28' title="bbox 433 3506 1599 3590; baseline -0.001 -22"><span class='ocrx_word' id='word_1_222' title='bbox 433 3506 528 3569; x_wconf 90' lang='lat' dir='ltr'>ferior</span> <span class='ocrx_word' id='word_1_223' title='bbox 550 3518 615 3584; x_wconf 90' lang='lat' dir='ltr'>est,</span> <span class='ocrx_word' id='word_1_224' title='bbox 647 3508 734 3570; x_wconf 88' lang='lat' dir='ltr'>haud</span> <span class='ocrx_word' id='word_1_225' title='bbox 756 3529 860 3589; x_wconf 89' lang='lat' dir='ltr'>pauca</span> <span class='ocrx_word' id='word_1_226' title='bbox 882 3519 991 3572; x_wconf 86' lang='lat' dir='ltr'>tamen</span> <span class='ocrx_word' id='word_1_227' title='bbox 1012 3510 1082 3572; x_wconf 89' lang='lat' dir='ltr'>siue</span> <span class='ocrx_word' id='word_1_228' title='bbox 1105 3532 1182 3572; x_wconf 88' lang='lat' dir='ltr'>casu</span> <span class='ocrx_word' id='word_1_229' title='bbox 1204 3509 1273 3573; x_wconf 85' lang='lat' dir='ltr'>siue</span> <span class='ocrx_word' id='word_1_230' title='bbox 1293 3507 1416 3572; x_wconf 88' lang='lat' dir='ltr'>librarii</span> <span class='ocrx_word' id='word_1_231' title='bbox 1431 3506 1599 3590; x_wconf 89' lang='lat' dir='ltr'>diligentia</span> 
     </span>
     <span class='ocr_line' id='line_1_29' title="bbox 432 3613 1598 3699; baseline -0.002 -24"><span class='ocrx_word' id='word_1_232' title='bbox 432 3625 517 3677; x_wconf 89' lang='lat' dir='ltr'>reete</span> <span class='ocrx_word' id='word_1_233' title='bbox 540 3614 658 3697; x_wconf 87' lang='lat' dir='ltr'>scripta</span> <span class='ocrx_word' id='word_1_234' title='bbox 679 3614 821 3677; x_wconf 87' lang='lat' dir='ltr'>seruauit</span> <span class='ocrx_word' id='word_1_235' title='bbox 845 3636 926 3696; x_wconf 88' lang='lat' dir='ltr'>quae</span> <span class='ocrx_word' id='word_1_236' title='bbox 956 3615 990 3676; x_wconf 94' lang='lat' dir='ltr'>in</span> <span class='ocrx_word' id='word_1_237' title='bbox 1019 3623 1048 3676; x_wconf 92' lang='lat' dir='ltr'><em>B</em></span> <span class='ocrx_word' id='word_1_238' title='bbox 1074 3627 1222 3699; x_wconf 91' lang='lat' dir='ltr'>corrupta</span> <span class='ocrx_word' id='word_1_239' title='bbox 1245 3625 1367 3677; x_wconf 79' lang='lat' dir='ltr'>extant.</span> <span class='ocrx_word' id='word_1_240' title='bbox 1401 3613 1516 3695; x_wconf 82' lang='lat' dir='ltr'>atquin</span> <span class='ocrx_word' id='word_1_241' title='bbox 1537 3634 1598 3695; x_wconf 92' lang='lat' dir='ltr'>quo</span> 
     </span>
     <span class='ocr_line' id='line_1_30' title="bbox 433 3719 1597 3800; baseline 0 -20"><span class='ocrx_word' id='word_1_242' title='bbox 433 3722 528 3783; x_wconf 91' lang='lat' dir='ltr'>modo</span> <span class='ocrx_word' id='word_1_243' title='bbox 542 3721 578 3782; x_wconf 94' lang='lat' dir='ltr'>in</span> <span class='ocrx_word' id='word_1_244' title='bbox 599 3720 834 3783; x_wconf 85' lang='lat' dir='ltr'>constituendis</span> <span class='ocrx_word' id='word_1_245' title='bbox 855 3721 941 3783; x_wconf 87' lang='lat' dir='ltr'>Flori</span> <span class='ocrx_word' id='word_1_246' title='bbox 964 3721 1070 3784; x_wconf 91' lang='lat' dir='ltr'>uerbis</span> <span class='ocrx_word' id='word_1_247' title='bbox 1093 3722 1202 3785; x_wconf 92' lang='lat' dir='ltr'>codice</span> <span class='ocrx_word' id='word_1_248' title='bbox 1224 3728 1261 3784; x_wconf 92' lang='lat' dir='ltr'><em>N</em></span> <span class='ocrx_word' id='word_1_249' title='bbox 1279 3744 1357 3783; x_wconf 91' lang='lat' dir='ltr'>usus</span> <span class='ocrx_word' id='word_1_250' title='bbox 1381 3719 1442 3781; x_wconf 90' lang='lat' dir='ltr'>sim</span> <span class='ocrx_word' id='word_1_251' title='bbox 1464 3721 1505 3782; x_wconf 90' lang='lat' dir='ltr'>ad</span> <span class='ocrx_word' id='word_1_252' title='bbox 1526 3740 1597 3800; x_wconf 88' lang='lat' dir='ltr'>sup·</span> 
     </span>
     <span class='ocr_line' id='line_1_31' title="bbox 432 3826 1597 3909; baseline 0 -23"><span class='ocrx_word' id='word_1_253' title='bbox 432 3826 587 3907; x_wconf 90' lang='lat' dir='ltr'>plendum</span> <span class='ocrx_word' id='word_1_254' title='bbox 602 3836 635 3888; x_wconf 90' lang='lat' dir='ltr'>et</span> <span class='ocrx_word' id='word_1_255' title='bbox 649 3828 885 3889; x_wconf 90' lang='lat' dir='ltr'>emendandum</span> <span class='ocrx_word' id='word_1_256' title='bbox 901 3834 930 3888; x_wconf 89' lang='lat' dir='ltr'><em>B</em></span> <span class='ocrx_word' id='word_1_257' title='bbox 950 3848 1007 3909; x_wconf 91' lang='lat' dir='ltr'>per</span> <span class='ocrx_word' id='word_1_258' title='bbox 1026 3827 1170 3909; x_wconf 87' lang='lat' dir='ltr'>singulos</span> <span class='ocrx_word' id='word_1_259' title='bbox 1191 3829 1277 3890; x_wconf 87' lang='lat' dir='ltr'>locos</span> <span class='ocrx_word' id='word_1_260' title='bbox 1298 3829 1517 3889; x_wconf 89' lang='lat' dir='ltr'>demonstrare</span> <span class='ocrx_word' id='word_1_261' title='bbox 1531 3826 1597 3887; x_wconf 91' lang='lat' dir='ltr'>lon·</span> 
     </span>
     <span class='ocr_line' id='line_1_32' title="bbox 432 3931 1598 4016; baseline 0.001 -25"><span class='ocrx_word' id='word_1_262' title='bbox 432 3952 511 4013; x_wconf 90' lang='lat' dir='ltr'>gum</span> <span class='ocrx_word' id='word_1_263' title='bbox 526 3941 575 3992; x_wconf 88' lang='lat' dir='ltr'>est</span> <span class='ocrx_word' id='word_1_264' title='bbox 590 3943 622 3991; x_wconf 94' lang='lat' dir='ltr'>et</span> <span class='ocrx_word' id='word_1_265' title='bbox 638 3931 814 3993; x_wconf 87' lang='lat' dir='ltr'>accuratior</span> <span class='ocrx_word' id='word_1_266' title='bbox 837 3954 949 4014; x_wconf 90' lang='lat' dir='ltr'>operae</span> <span class='ocrx_word' id='word_1_267' title='bbox 972 3955 1062 3995; x_wconf 85' lang='lat' dir='ltr'>meae</span> <span class='ocrx_word' id='word_1_268' title='bbox 1084 3933 1314 4016; x_wconf 90' lang='lat' dir='ltr'>contemplatio</span> <span class='ocrx_word' id='word_1_269' title='bbox 1337 3952 1598 4014; x_wconf 90' lang='lat' dir='ltr'>unumquemque</span> 
     </span>
     <span class='ocr_line' id='line_1_33' title="bbox 433 4036 1611 4122; baseline 0 -24"><span class='ocrx_word' id='word_1_270' title='bbox 433 4038 545 4098; x_wconf 88' lang='lat' dir='ltr'>docere</span> <span class='ocrx_word' id='word_1_271' title='bbox 559 4045 682 4119; x_wconf 84' lang='lat' dir='ltr'>potest3</span> <span class='ocrx_word' id='word_1_272' title='bbox 701 4036 754 4098; x_wconf 93' lang='lat' dir='ltr'>hic</span> <span class='ocrx_word' id='word_1_273' title='bbox 769 4046 877 4099; x_wconf 91' lang='lat' dir='ltr'>tamen</span> <span class='ocrx_word' id='word_1_274' title='bbox 892 4041 1049 4120; x_wconf 90' lang='lat' dir='ltr'>quaedam</span> <span class='ocrx_word' id='word_1_275' title='bbox 1072 4040 1163 4122; x_wconf 89' lang='lat' dir='ltr'>quasi</span> <span class='ocrx_word' id='word_1_276' title='bbox 1179 4039 1285 4122; x_wconf 85' lang='lat' dir='ltr'>capita</span> <span class='ocrx_word' id='word_1_277' title='bbox 1300 4049 1450 4121; x_wconf 87' lang='lat' dir='ltr'>tangam,</span> <span class='ocrx_word' id='word_1_278' title='bbox 1468 4059 1550 4121; x_wconf 91' lang='lat' dir='ltr'>quae</span> <span class='ocrx_word' id='word_1_279' title='bbox 1565 4036 1611 4097; x_wconf 90' lang='lat' dir='ltr'>in-</span> 
     </span>
     <span class='ocr_line' id='line_1_34' title="bbox 432 4142 1097 4227; baseline 0 -21"><span class='ocrx_word' id='word_1_280' title='bbox 432 4165 470 4206; x_wconf 91' lang='lat' dir='ltr'>ea</span> <span class='ocrx_word' id='word_1_281' title='bbox 484 4143 671 4227; x_wconf 88' lang='lat' dir='ltr'>quaestione</span> <span class='ocrx_word' id='word_1_282' title='bbox 687 4142 822 4205; x_wconf 91' lang='lat' dir='ltr'>alicuius</span> <span class='ocrx_word' id='word_1_283' title='bbox 838 4145 994 4206; x_wconf 90' lang='lat' dir='ltr'>momenti</span> <span class='ocrx_word' id='word_1_284' title='bbox 1010 4156 1097 4208; x_wconf 90' lang='lat' dir='ltr'>sunt.</span> 
     </span>
    </p>

    <p class='ocr_par' dir='ltr' id='par_1_6' title="bbox 428 4247 1598 4757">
     <span class='ocr_line' id='line_1_35' title="bbox 516 4247 1597 4332; baseline -0.004 -19"><span class='ocrx_word' id='word_1_285' title='bbox 516 4252 568 4313; x_wconf 87' lang='lat' dir='ltr'>Ex</span> <span class='ocrx_word' id='word_1_286' title='bbox 583 4248 628 4312; x_wconf 86' lang='lat' dir='ltr'>eis</span> <span class='ocrx_word' id='word_1_287' title='bbox 645 4271 726 4331; x_wconf 91' lang='lat' dir='ltr'>quae</span> <span class='ocrx_word' id='word_1_288' title='bbox 742 4251 781 4311; x_wconf 93' lang='lat' dir='ltr'>de</span> <span class='ocrx_word' id='word_1_289' title='bbox 797 4249 988 4332; x_wconf 90' lang='lat' dir='ltr'>cognatione</span> <span class='ocrx_word' id='word_1_290' title='bbox 1003 4251 1087 4313; x_wconf 90' lang='lat' dir='ltr'>inter</span> <span class='ocrx_word' id='word_1_291' title='bbox 1101 4258 1130 4312; x_wconf 89' lang='lat' dir='ltr'><em>B</em></span> <span class='ocrx_word' id='word_1_292' title='bbox 1144 4261 1177 4313; x_wconf 91' lang='lat' dir='ltr'>et</span> <span class='ocrx_word' id='word_1_293' title='bbox 1192 4257 1214 4312; x_wconf 95' lang='lat' dir='ltr'><em>I</em></span> <span class='ocrx_word' id='word_1_294' title='bbox 1231 4250 1394 4332; x_wconf 89' lang='lat' dir='ltr'>disputata</span> <span class='ocrx_word' id='word_1_295' title='bbox 1410 4260 1488 4311; x_wconf 91' lang='lat' dir='ltr'>sunt</span> <span class='ocrx_word' id='word_1_296' title='bbox 1505 4247 1597 4311; x_wconf 91' lang='lat' dir='ltr'>effici-</span> 
     </span>
     <span class='ocr_line' id='line_1_36' title="bbox 433 4355 1597 4440; baseline 0 -24"><span class='ocrx_word' id='word_1_297' title='bbox 433 4366 484 4417; x_wconf 86' lang='lat' dir='ltr'>tur</span> <span class='ocrx_word' id='word_1_298' title='bbox 498 4355 723 4440; x_wconf 88' lang='lat' dir='ltr'>grauissimam</span> <span class='ocrx_word' id='word_1_299' title='bbox 738 4377 806 4417; x_wconf 87' lang='lat' dir='ltr'>esse</span> <span class='ocrx_word' id='word_1_300' title='bbox 828 4377 937 4418; x_wconf 94' lang='lat' dir='ltr'>eorum</span> <span class='ocrx_word' id='word_1_301' title='bbox 953 4356 1177 4419; x_wconf 87' lang='lat' dir='ltr'>auctoritatem</span> <span class='ocrx_word' id='word_1_302' title='bbox 1198 4379 1279 4439; x_wconf 90' lang='lat' dir='ltr'>quae</span> <span class='ocrx_word' id='word_1_303' title='bbox 1299 4362 1352 4418; x_wconf 92' lang='lat' dir='ltr'>BI</span> <span class='ocrx_word' id='word_1_304' title='bbox 1372 4378 1534 4418; x_wconf 86' lang='lat' dir='ltr'>consensu</span> <span class='ocrx_word' id='word_1_305' title='bbox 1547 4357 1597 4416; x_wconf 90' lang='lat' dir='ltr'>fir-</span> 
     </span>
     <span class='ocr_line' id='line_1_37' title="bbox 431 4461 1598 4545; baseline 0 -25"><span class='ocrx_word' id='word_1_306' title='bbox 431 4472 571 4537; x_wconf 91' lang='lat' dir='ltr'>mantur;</span> <span class='ocrx_word' id='word_1_307' title='bbox 590 4464 645 4525; x_wconf 90' lang='lat' dir='ltr'>sed</span> <span class='ocrx_word' id='word_1_308' title='bbox 661 4462 717 4524; x_wconf 91' lang='lat' dir='ltr'>ubi</span> <span class='ocrx_word' id='word_1_309' title='bbox 732 4469 762 4523; x_wconf 92' lang='lat' dir='ltr'><em>B</em></span> <span class='ocrx_word' id='word_1_310' title='bbox 776 4471 807 4523; x_wconf 91' lang='lat' dir='ltr'>et</span> <span class='ocrx_word' id='word_1_311' title='bbox 822 4467 845 4522; x_wconf 95' lang='lat' dir='ltr'><em>I</em></span> <span class='ocrx_word' id='word_1_312' title='bbox 854 4461 938 4524; x_wconf 90' lang='lat' dir='ltr'>inter</span> <span class='ocrx_word' id='word_1_313' title='bbox 953 4484 986 4525; x_wconf 89' lang='lat' dir='ltr'>se</span> <span class='ocrx_word' id='word_1_314' title='bbox 998 4462 1207 4538; x_wconf 86' lang='lat' dir='ltr'>dissentiunt,</span> <span class='ocrx_word' id='word_1_315' title='bbox 1224 4464 1443 4545; x_wconf 91' lang='lat' dir='ltr'>quaerendum</span> <span class='ocrx_word' id='word_1_316' title='bbox 1458 4484 1537 4524; x_wconf 88' lang='lat' dir='ltr'>sane</span> <span class='ocrx_word' id='word_1_317' title='bbox 1553 4469 1598 4521; x_wconf 89' lang='lat' dir='ltr'>est</span> 
     </span>
     <span class='ocr_line' id='line_1_38' title="bbox 431 4566 1595 4650; baseline 0.002 -24"><span class='ocrx_word' id='word_1_318' title='bbox 431 4575 503 4627; x_wconf 92' lang='lat' dir='ltr'>uter</span> <span class='ocrx_word' id='word_1_319' title='bbox 518 4589 595 4629; x_wconf 87' lang='lat' dir='ltr'>uera</span> <span class='ocrx_word' id='word_1_320' title='bbox 616 4567 794 4632; x_wconf 86' lang='lat' dir='ltr'>tradiderit.</span> <span class='ocrx_word' id='word_1_321' title='bbox 827 4566 893 4629; x_wconf 91' lang='lat' dir='ltr'>iam</span> <span class='ocrx_word' id='word_1_322' title='bbox 914 4568 950 4629; x_wconf 93' lang='lat' dir='ltr'>hi</span> <span class='ocrx_word' id='word_1_323' title='bbox 963 4568 1067 4650; x_wconf 89' lang='lat' dir='ltr'>-pauci</span> <span class='ocrx_word' id='word_1_324' title='bbox 1089 4579 1201 4631; x_wconf 85' lang='lat' dir='ltr'>extant</span> <span class='ocrx_word' id='word_1_325' title='bbox 1223 4568 1286 4631; x_wconf 90' lang='lat' dir='ltr'>loci</span> <span class='ocrx_word' id='word_1_326' title='bbox 1313 4567 1369 4631; x_wconf 89' lang='lat' dir='ltr'>ubi</span> <span class='ocrx_word' id='word_1_327' title='bbox 1391 4589 1468 4630; x_wconf 90' lang='lat' dir='ltr'>uera</span> <span class='ocrx_word' id='word_1_328' title='bbox 1490 4566 1595 4639; x_wconf 82' lang='lat' dir='ltr'>lectio,</span> 
     </span>
     <span class='ocr_line' id='line_1_39' title="bbox 428 4670 1128 4757; baseline 0.006 -24"><span class='ocrx_word' id='word_1_329' title='bbox 428 4692 510 4752; x_wconf 86' lang='lat' dir='ltr'>quae</span> <span class='ocrx_word' id='word_1_330' title='bbox 527 4670 563 4733; x_wconf 92' lang='lat' dir='ltr'>in</span> <span class='ocrx_word' id='word_1_331' title='bbox 578 4674 741 4757; x_wconf 91' lang='lat' dir='ltr'>Ilegitur,</span> <span class='ocrx_word' id='word_1_332' title='bbox 759 4674 857 4739; x_wconf 87' lang='lat' dir='ltr'>etiam</span> <span class='ocrx_word' id='word_1_333' title='bbox 871 4672 905 4735; x_wconf 92' lang='lat' dir='ltr'>in</span> <span class='ocrx_word' id='word_1_334' title='bbox 922 4678 961 4737; x_wconf 98' lang='lat' dir='ltr'><em>N</em></span> <span class='ocrx_word' id='word_1_335' title='bbox 971 4674 1128 4756; x_wconf 91' lang='lat' dir='ltr'>reperitur</span> 
     </span>
    </p>
   </div>
   <div class='ocr_carea' id='block_1_3' title="bbox 0 0 1910 5534">
    <p class='ocr_par' dir='ltr' id='par_1_7' title="bbox 0 0 1910 5534">
     <span class='ocr_line' id='line_1_40' title="bbox 0 0 1910 5534; baseline 0 0"><span class='ocrx_word' id='word_1_336' title='bbox 0 0 1910 5534; x_wconf 95' lang='lat' dir='ltr'> </span> 
     </span>
    </p>
   </div>
  </div>
 </body>
</html>
