3809 5534
405 589 590 648 οΧΧΧΙΙΙΙ
921 597 1119 643 amerino.

429 762 595 837 poteretur
609 750 784 825 intactum,
809 750 895 831 quod
909 748 944 810 in
959 755 989 811 B
1002 769 1128 830 semper
1147 756 1327 809 conectam
1346 755 1408 808 est.
1439 750 1498 813 sed
1518 749 1606 810 suffi-

437 858 529 921 ciunt
543 857 635 932 haec,
652 877 733 937 quae
748 853 842 917 facile
857 851 968 936 augeri
982 862 1126 936 possent,
1144 852 1172 915 si
1186 871 1267 933 opus
1283 863 1378 915 esset.
1421 889 1423 896 ·

523 962 579 1026 Eis
594 960 681 1024 enim
698 979 780 1042 quae
794 960 961 1042 hucusque
983 958 1151 1041 disputaui
1165 958 1254 1021 uiam
1268 968 1367 1040 atque
1378 956 1540 1020 rationem
1554 957 1607 1018 fir·

437 1091 526 1133 mare
541 1066 643 1142 uolui,
662 1087 727 1148 qua
740 1064 828 1128 Flori
842 1066 941 1128 uerba
956 1064 1123 1128 restituere
1138 1074 1273 1127 conatus
1286 1075 1380 1139 sum,
1397 1074 1560 1146 quatenus
1574 1061 1609 1124 id

437 1175 592 1239 librorum
608 1171 799 1235 testimoniis
814 1170 986 1253 diligenter
1006 1180 1039 1232 et
1059 1170 1101 1232 ad
1110 1180 1112 1184 ’
1122 1168 1199 1233 artis
1214 1169 1343 1233 criticae
1357 1169 1446 1251 leges
1461 1166 1608 1231 maath

437 1278 520 1343 effici
533 1277 651 1361 potuit.
676 1288 714 1340 ut
736 1276 839 1340 officio
861 1275 965 1339 critici
978 1276 1074 1358 plene
1089 1275 1166 1338 satis
1186 1277 1278 1338 fieret
1300 1276 1449 1338 accedere
1471 1273 1610 1336 debebat

414 1393 416 1397 ‘
437 1403 544 1450 rerum
557 1407 578 1447 a
592 1384 687 1448 Floro
702 1382 894 1447 traditamm
908 1390 1057 1444 accurata
1070 1382 1294 1463 pertractatio,
1318 1401 1384 1464 qua
1404 1379 1473 1443 sola
1494 1377 1608 1442 multis

437 1490 515 1557 locis
538 1492 580 1555 ad
599 1488 761 1571 liquidum
780 1488 914 1572 perduci
933 1486 1071 1570 poterit,
1103 1486 1181 1568 quid
1206 1488 1247 1550 ab
1275 1507 1314 1549 eo
1334 1485 1432 1549 scribi
1451 1483 1606 1568 potuerit.

437 1608 577 1682 quantus
592 1595 681 1659 enim
695 1615 836 1657 errorum
858 1594 1122 1677 grauissimomm
1136 1604 1169 1656 et
1183 1613 1286 1675 paene
1307 1590 1550 1661 incredibilium
1575 1589 1610 1651 in

434 1704 607 1794 hominum
628 1712 725 1783 atque
751 1701 896 1763 locorum
917 1699 1124 1776 nominibus,
1153 1700 1190 1762 in
1218 1709 1362 1781 tempore
1375 1698 1607 1779 conputando,

438 1805 632 1889 deniquein
659 1804 810 1868 omuibus
832 1826 914 1886 quae
935 1807 1034 1868 fidem
1055 1805 1207 1868 historico
1226 1804 1468 1868 faciunt-rebus
1489 1803 1526 1864 iu
1548 1802 1609 1865 hoc

319 1958 322 1966 ,
439 1913 523 1978 hbro
538 1910 781 1974 commissorum
796 1929 951 1973 numerus
973 1911 1033 1987 sit,
1051 1912 1128 1974 satis
1143 1933 1201 1994 per
1215 1910 1284 1974 eius
1303 1910 1495 1993 interpretes
1511 1919 1609 1991 etipse

438 2017 645 2083 historiarum
659 2014 828 2098 scriptores
842 2025 958 2079 notum
979 2027 1147 2100 estusque
1161 2018 1230 2080 ulla
1243 2037 1300 2099 per
1314 2016 1463 2098 exempla
1477 1998 1610 2079 demon·

440 2123 594 2187 straticho
609 2132 692 2205 eget.
725 2142 921 2205 quamquam
941 2122 1044 2205 igitur
1063 2145 1159 2186 nemo
1188 2122 1334 2185 dubitare
1353 2131 1461 2205 potest
1490 2120 1570 2203 quin
1593 2141 1612 2182 a

439 2229 534 2294 Floro
548 2249 668 2292 encres
683 2228 761 2291 satis
774 2228 885 2311 magni
900 2227 1061 2310 expectari
1075 2226 1210 2309 possint,
1239 2249 1364 2310 semper
1377 2239 1490 2290 tamen
1504 2226 1610 2308 inqui-

439 2336 576 2398 rendum
590 2334 661 2408 erit,
677 2344 787 2396 utrum
802 2355 938 2396 errorem
953 2335 1093 2416 aliquem
1107 2334 1170 2416 ipsi
1190 2334 1284 2396 Floro
1307 2353 1349 2395 an
1361 2331 1495 2406 librario
1515 2331 1610 2414 iupu-

440 2449 508 2503 tare
530 2439 722 2516 debeamuS,
752 2461 795 2503 ne
817 2449 874 2503 aut
894 2438 993 2501 huius
1016 2438 1098 2502 uitia
1125 2440 1294 2501 emendare
1313 2439 1534 2521 neglegamus
1554 2447 1611 2500 cut

440 2543 529 2607 illius
543 2542 759 2627 ignorantiam
774 2546 988 2628 corrigamus,
1010 2565 1147 2627 quorum
1170 2542 1513 2627 utrumquecriticum
1526 2541 1610 2626 pari-

441 2663 490 2714 ter
502 2651 647 2713 dedecet.
672 2673 785 2714 uerum
806 2650 927 2714 dehac
948 2672 983 2713 re
1005 2660 1127 2713 certum
1149 2650 1304 2712 iudicium
1319 2649 1394 2712 ferri
1407 2669 1485 2711 ¹non
1504 2657 1610 2731 potest

441 2754 506 2819 nisi
526 2757 598 2838 quis
620 2766 767 2821 accurate
797 2755 1060 2838 inuestigauerit,
1092 2776 1156 2837 qua
1171 2754 1345 2837 diligentia
1365 2764 1398 2817 et
1417 2766 1517 2831 cura',
1548 2776 1610 2836 quo

441 2860 562 2923 iu'dicic
577 2870 610 2922 et
624 2860 796 2942 prudentia
810 2861 923 2924 Florus
939 2861 1068 2943 singula
1083 2860 1270 2937 tradiderit,
1288 2873 1385 2942 quam
1399 2860 1436 2923 iu
1450 2860 1498 2923 eis
1512 2862 1610 2924 fidem

442 2975 617 3043 mereatur,
646 2968 732 3049 quod
753 2965 914 3049 praeclaro
936 2966 1084 3049 exemplo
1105 2966 1141 3029 in
1161 2966 1459 3050 Comelio'Nepote
1473 2966 1611 3049 Nipper-

443 3070 534 3135 deius
549 3072 693 3154 perfecit.
724 3082 796 3135 tum
815 3074 946 3135 demum
961 3081 1120 3154 quatenus
1135 3072 1293 3135 erroribus
1307 3072 1424 3136 Flonrs
1438 3071 1611 3156 probabili-

445 3188 492 3241 ter
505 3178 633 3242 liberari
647 3178 748 3261 possit
762 3178 937 3241 diiudicare
959 3178 1079 3241 licebit.
1116 3178 1199 3241 hanc
1220 3200 1296 3241 uero
1318 3178 1349 3241 ei
1370 3199 1502 3261 operum
1522 3199 1612 3261 prae-

444 3294 529 3347 stare
550 3305 600 3347 res
619 3289 710 3347 meae
739 3303 805 3345 non
826 3283 994 3359 sinebant3
1019 3304 1117 3365 quare
1144 3285 1184 3346 ab
1210 3283 1363 3348 historica
1388 3282 1464 3348 crisi
1482 3304 1611 3366 prorsus

412 3374 605 3465 ,''abstinui,
633 3398 803 3452 contentus
823 3389 853 3451 ei
868 3389 925 3473 qui
945 3389 1034 3452 hunc
1049 3390 1189 3452 laborem
1217 3400 1424 3473 suscepturus
1455 3398 1506 3453 est
1527 3398 1612 3452 certa

443 3493 659 3559 fundamenta
675 3493 804 3571 iecisse,
829 3517 848 3557 a
870 3496 987 3578 quibus
1011 3505 1082 3557 tuto
1097 3494 1256 3579 proficisci
1269 3495 1382 3577 possit.
1421 3494 1612 3558 binoctium

444 3599 600 3684 quaestio,
615 3613 751 3684 quaeest
759 3601 949 3664 defcntrhus
960 3600 1076 3682 quibus
1088 3602 1201 3664 Florus
1212 3623 1291 3664 usus
1303 3601 1357 3677 sit,
1371 3602 1530 3665 soluenda
1539 3600 1609 3663 erit.

444 3729 519 3769 cum
542 3706 686 3783 codices,
714 3706 813 3771 etiam
832 3713 913 3784 BN,
937 3706 1026 3769 hunc
1046 3706 1194 3769 libellum
1214 3707 1388 3790 epitomum
1402 3709 1443 3771 de
1458 3708 1499 3771 Τ.
1517 3705 1611 3769 Liuio

444 3809 632 3887 inscribant,
655 3834 722 3874 nou
737 3814 908 3877 delherimt
922 3813 979 3896 qui
994 3814 1224 3877 contenderent
1239 3814 1370 3876 Florum
1384 3814 1476 3878 nullo
1490 3822 1613 3895 praeter

446 3913 580 3977 Liuium
599 3915 804 3981 historiarum
826 3897 978 4002 scriptore
999 3940 1110 3993 usum,
1142 3921 1197 3981 sed
1219 3921 1259 3981 ab
1278 3939 1319 3982 ec
1339 3920 1407 3983 solo
1426 3928 1612 3983 mutuatum

447 4041 534 4095 esse,
559 4041 640 4102 quae
655 4019 809 4086 rhetorice
824 4034 1002 4087 exornaret.
1035 4026 1121 4107 quod
1141 4025 1197 4107 qui
1216 4024 1490 4107 nuper'acerrime
1506 4023 1611 4087 desen·

446 4125 495 4190 dit
516 4124 707 4189 Franciscus
733 4128 879 4191 Ritterus
905 4127 941 4191 in
967 4129 1135 4193 annalium
1160 4132 1201 4193 ab
1227 4129 1417 4213 antiquariis
1444 4127 1611 4195 Rhenanis

446 4229 607 4297 editarum
620 4231 773 4295 fasciculo
788 4234 893 4299 XVII
908 4255 931 4317 p
950 4244 963 4298 l
982 4257 1051 4318 sqq,
1068 4235 1096 4299 is
1111 4256 1150 4298 ea
1164 4236 1311 4312 leuitate,
1328 4257 1393 4318 qua
1407 4234 1611 4299 difficillimas

447 4336 648 4421 quaestiones
664 4337 834 4402 facillimas
849 4339 910 4403 sibi
924 4342 1056 4404 reddere
1071 4340 1164 4417 solet,
1181 4341 1280 4405 etiam
1294 4341 1378 4404 hauc
1392 4361 1462 4404 rem
1476 4339 1608 4424 peregit.

448 4441 540 4526 quasi
554 4443 674 4509 oblitus
697 4454 800 4520 esset,
825 4457 902 4527 quot
917 4445 995 4509 locis
1012 4468 1030 4509 a
1045 4446 1141 4510 Liuio
1156 4447 1284 4510 diuersa
1305 4447 1420 4510 Florus
1444 4445 1611 4510 tradidisse

448 4548 659 4615 conuincatm
673 4549 775 4613 sicubi
791 4550 923 4614 Liuium
938 4552 1047 4635 ipsum
1061 4553 1203 4616 conferre
1218 4552 1307 4629 licet,
1323 4552 1379 4616 ille
1394 4570 1611 4635 quaecumque

449 4651 536 4738 apud
550 4652 681 4719 Florum
703 4656 807 4719 solum
828 4657 929 4720 relata
953 4658 1116 4741 leguntur,
1139 4658 1215 4739 quia
1230 4658 1362 4722 Liuium
1377 4658 1444 4722 iam
1465 4659 1611 4723 adhibere
