3809 5534
363 595 393 651 X
846 602 1043 647 1111111110.

364 769 441 821 tono
463 753 678 819 Haeneliano.
719 776 829 819 omnes
852 777 892 818 cx
914 756 1025 818 eodem
1040 755 1128 816 sonte
1153 764 1344 837 propagatos
1368 773 1436 816 esse
1463 763 1532 815 tam

365 875 488 927 certum
503 873 563 939 est,
581 884 678 944 quom
693 860 781 923 hunc
801 882 867 922 non
884 862 1026 923 multum
1041 860 1205 923 diuersum
1221 858 1321 922 luisse
1336 860 1376 921 ab
1392 881 1429 922 eo
1443 861 1532 921 unde

364 969 521 1053 originem
544 968 638 1031 duxit
667 966 877 1029 Nazarianus.
910 989 950 1030 ex
972 966 1152 1030 Nazariano
1174 967 1243 1051 ipso
1271 976 1380 1029 autem
1410 978 1532 1028 ceteros

364 1098 430 1138 non
447 1097 516 1139 esse
531 1073 705 1156 descriptos
721 1073 775 1135 uel
789 1095 855 1135 uno
870 1073 1048 1136 certissimo
1069 1072 1254 1136 testimonio
1276 1072 1391 1135 confici
1411 1082 1529 1155 potest.

366 1180 398 1243 in
415 1180 476 1242 hoc
491 1181 579 1243 enim
599 1179 707 1243 codice
727 1200 808 1261 quae
834 1179 990 1262 leguntur
1009 1178 1086 1242 inde
1101 1203 1120 1242 a
1134 1181 1233 1242 uerbo
1254 1179 1423 1242 Gallorum
1438 1200 1461 1261 p
1478 1184 1530 1252 46,

367 1295 383 1347 7
401 1308 502 1369 usque
517 1287 559 1348 ad
573 1293 765 1367 caerterotp
783 1292 834 1360 54,
856 1291 892 1348 16
922 1308 980 1348 suo
1001 1287 1071 1348 loco
1094 1286 1290 1348 omittuntur
1312 1295 1343 1347 ct
1359 1284 1466 1347 alieno
1481 1283 1531 1345 in·

365 1403 515 1455 seruntur
529 1402 601 1475 post
620 1392 803 1475 perireatp
827 1399 878 1468 89,
899 1398 957 1468 293
990 1403 1022 1454 et
1043 1414 1153 1456 rursus
1176 1413 1258 1474 quae
1279 1392 1434 1473 leguntur
1457 1399 1531 1473 post

365 1500 501 1561 uerbum
519 1506 635 1581 portus
657 1519 678 1580 p
704 1504 756 1574 64,
781 1504 819 1561 25
847 1521 949 1581 usque
976 1500 1017 1561 ad
1036 1498 1161 1561 Colchis
1190 1506 1277 1559 tenus
1298 1519 1321 1580 p
1338 1503 1389 1572 66,
1413 1503 1462 1571 16,
1487 1495 1533 1557 ibi

366 1604 486 1667 omittit
501 1615 569 1687 etp
585 1609 638 1679 68,
659 1612 675 1666 5
698 1596 745 1666 ita
759 1604 872 1667 inserit
887 1614 924 1667 ut
939 1607 1098 1687 quaedam
1113 1604 1212 1666 uerba
1226 1603 1276 1666 bis
1292 1614 1402 1687 ponat,
1436 1623 1533 1685 appa·

365 1721 414 1773 ret
428 1710 529 1792 igitur
543 1709 579 1771 in
603 1731 639 1772 eo
664 1710 772 1772 codice
802 1733 842 1773 ex
863 1734 926 1793 quo
949 1711 1113 1773 deriuatus
1136 1721 1184 1773 est
1204 1710 1405 1773 Nazarianus
1431 1719 1535 1771 trans·

364 1816 470 1899 posita
484 1838 552 1878 esse
568 1814 645 1877 lolia
660 1817 836 1897 quaedam,
859 1816 893 1879 id
914 1819 1001 1899 quod
1015 1816 1195 1880 incuriosus
1210 1815 1359 1879 librarius
1375 1813 1532 1896 neglexit.

366 1922 400 1982 in
416 1920 529 1983 ceteris
544 1943 620 1983 uero
636 1922 798 1986 codicibus
814 1923 922 1985 omnia
936 1923 1016 1985 haec
1039 1945 1097 1985 suo
1121 1923 1231 1986 ordine
1245 1921 1421 2007 perscripta
1436 1929 1515 1981 sunt
1524 1944 1533 1993 3

367 2029 454 2090 unde
466 2027 602 2089 efficitur
614 2028 751 2090 deriuari
763 2051 816 2092 eos
829 2051 868 2091 ex
884 2029 991 2092 codice
1004 2052 1022 2092 a
1034 2028 1208 2091 Nazariani
1223 2028 1395 2110 archetypo
1408 2025 1537 2088 diuerso

366 2133 558 2216 quidemsed
570 2134 733 2197 simillimo
739 2147 864 2218 praeter
870 2136 955 2198 hanc
967 2133 1258 2217 transpositionem
1276 2133 1337 2196 hoc
1346 2132 1432 2194 enim
1440 2154 1537 2193 nemo

366 2239 515 2324 negabit,
542 2240 598 2323 qui
613 2240 731 2303 multas
746 2242 917 2324 foedasque
932 2241 1195 2323 interpolationes
1221 2240 1336 2323 quibus
1360 2239 1395 2300 hi
1410 2238 1537 2300 codices

368 2357 493 2409 scatent
514 2349 554 2409 ad
578 2369 782 2409 communem
797 2347 919 2409 fontem
934 2348 1050 2409 referre
1066 2346 1225 2422 didicerit,
1242 2346 1339 2428 idque
1362 2366 1399 2406 eo
1416 2343 1536 2406 certius

368 2462 517 2535 apparet,
535 2474 599 2535 quo
613 2452 715 2534 magis
732 2452 852 2535 singuli
867 2452 952 2516 inter
968 2476 1001 2516 se
1017 2453 1210 2537 discrepant,
1229 2474 1292 2534 qua
1306 2450 1378 2533 ipsa
1391 2472 1425 2511 re
1440 2449 1538 2511 libra·

366 2558 486 2620 riorum
500 2558 668 2620 libidinem
684 2568 836 2641 arguunt.
861 2580 1063 2641 quamquam
1086 2559 1174 2621 enim
1193 2558 1263 2621 fieri
1284 2566 1391 2640 potest
1406 2566 1444 2617 ut
1459 2578 1539 2618 casu

367 2667 505 2747 quodam
521 2664 619 2728 etiam
639 2688 696 2748 per
717 2666 775 2728 hos
800 2666 927 2729 codices
947 2666 1001 2727 hic
1023 2665 1091 2728 illic
1111 2687 1188 2727 uera
1208 2663 1304 2725 lectio
1326 2673 1457 2724 seruata
1480 2660 1536 2737 sit,

366 2793 526 2852 nusquam
542 2783 650 2835 tamen
666 2772 760 2834 certis
776 2771 1106 2854 argumentis·euinci
1129 2779 1253 2854 potest,
1279 2768 1306 2831 si
1328 2768 1407 2850 quid
1430 2767 1466 2829 in
1491 2767 1538 2830 eis

365 2875 523 2959 reperitur
545 2878 630 2957 quod
652 2877 721 2939 ueri
743 2877 882 2959 speciem
896 2877 1066 2960 praebeat,
1089 2876 1123 2939 id
1144 2898 1183 2938 ex
1206 2873 1339 2955 antiquo
1354 2873 1413 2935 illo
1429 2873 1539 2936 codice

368 2991 532 3043 seruatum
553 3003 658 3065 neque
678 3005 755 3045 uero
776 2983 898 3045 librarii
919 2983 1102 3045 coniectura
1123 2991 1284 3064 repertum
1306 3002 1385 3041 esse.
1419 2980 1482 3042 hoc
1504 2979 1540 3040 in

367 3086 555 3150 mriuersum
570 3099 655 3151 recte
670 3088 872 3171 disputatum
894 3111 963 3152 esse
982 3110 1077 3150 nemo
1098 3087 1192 3150 facile
1211 3085 1360 3169 negabit3
1387 3108 1452 3169 quo
1473 3108 1538 3147 cer-

368 3192 432 3255 tius
448 3195 488 3256 de
503 3215 540 3255 ea
554 3217 587 3257 re
602 3194 759 3257 iudicium
774 3195 848 3257 ferri
862 3196 965 3278 possit
980 3194 1088 3257 omnia
1103 3194 1281 3257 adscribam
1306 3214 1388 3275 quae
1411 3214 1430 3253 e
1451 3190 1537 3253 codi-

367 3320 440 3361 cum
462 3299 676 3363 recentiorum
690 3302 745 3362 uel
761 3323 826 3365 uno
842 3302 896 3363 uel
910 3300 1057 3384 pluribus
1074 3310 1239 3381 tamquam
1260 3309 1346 3360 recte
1361 3298 1534 3360 emendata

366 3406 481 3487 recepi.
514 3428 589 3469 cum
604 3427 681 3469 uero
698 3406 783 3468 nihil
804 3408 920 3469 referat
943 3406 979 3468 in
1002 3429 1065 3489 quo
1090 3405 1295 3489 potissimum
1311 3404 1429 3465 horum
1449 3401 1533 3465 codi-

365 3534 458 3588 cum,
476 3512 614 3596 singulis
630 3534 671 3575 an
686 3513 844 3595 pluribus,
862 3512 985 3596 aliquid
999 3513 1141 3596 legatur,
1160 3513 1216 3573 sed
1231 3521 1336 3574 totum
1350 3530 1456 3593 genus
1471 3507 1533 3590 sig·

367 3618 514 3682 nificasse
531 3619 608 3683 satis
624 3618 684 3695 sit,
703 3638 722 3697 ς
736 3625 814 3680 nota
829 3636 908 3678 usus
925 3638 1008 3680 sum.

540 3747 561 3808 p
580 3734 609 3801 5,
630 3731 668 3787 23
685 3745 740 3788 con
756 3744 793 3803 ς.·
816 3742 854 3786 cn
869 3728 936 3785 BN

578 3837 609 3906 6,
648 3839 717 3893 211
733 3850 770 3909 ς.·
794 3849 831 3891 cn
847 3835 913 3892 BN

577 3943 608 4010 9,
651 3935 775 3998 2missi
791 3957 828 4012 ς.·
850 3933 939 3997 misit
955 3940 1040 3997 BIN

560 4048 609 4115 14,
629 4046 667 4102 20
684 4063 756 4102 cora
772 4060 808 4118 ς.·
830 4062 901 4103 sora
916 4045 983 4102 BN

556 4153 608 4221 21,
630 4155 666 4208 10
683 4146 761 4208 furit
777 4164 815 4223 ς.·
838 4146 901 4207 fuit
916 4150 1002 4207 BJN

557 4260 609 4327 21,
628 4259 664 4313 21
684 4250 833 4313 ciminius
850 4270 888 4329 ς.·
911 4249 1073 4333 geminius
1089 4257 1174 4313 BIN

557 4365 610 4433 24,
632 4363 668 4419 16
684 4356 780 4419 uideo
795 4379 847 4418 me
863 4376 902 4435 ς.·
924 4357 1011 4419 idem
1027 4379 1120 4419 omne
1137 4363 1201 4418 BN

557 4471 608 4540 33,
630 4469 667 4526 14
685 4484 782 4545 quam
797 4463 889 4545 quasi
904 4483 943 4541 ς.·
967 4462 1092 4545 quamsi
1107 4469 1172 4525 BN

555 4580 606 4646 51,
629 4575 666 4631 13
681 4568 902 4631 macedoniam
918 4588 957 4646 ς.·
980 4569 1186 4631 macedoniae
1203 4574 1269 4630 BN
1346 4613 1351 4621 ,

558 4684 610 4753 51,
629 4683 665 4738 21
684 4675 764 4739 tuba
778 4693 816 4755 ς.·
841 4676 935 4737 turba
954 4680 1020 4737 BN
1026 4678 1029 4681 ’
