3809 5534
369 607 428 665 XX
849 615 1045 661 ancarano.

368 793 464 853 quare
478 770 539 832 hoc
554 767 662 852 potius
684 768 724 829 ab
746 765 879 828 homine
902 763 1049 827 additum
1064 784 1132 825 esse
1148 784 1262 826 censeo
1277 763 1333 846 qui
1349 764 1533 847 significare

368 874 472 938 uoluit
493 874 586 956 quale
602 873 737 935 uerbum
752 871 1007 954 intellegendum
1022 868 1073 931 sit.

454 979 569 1042 Paullo
590 977 724 1060 {diuersa
745 974 960 1059 interpolandi
975 973 1055 1036 ratio
1070 984 1135 1049 est,
1159 995 1221 1057 qua
1236 974 1301 1036 duo
1315 974 1377 1036 loci
1393 975 1534 1057 corrupti

369 1095 457 1158 sunt,
475 1086 514 1146 de
530 1082 646 1167 quibus
661 1082 801 1144 breuiter
814 1081 918 1144 dicam
927 1081 1013 1164 quod
1022 1078 1135 1141 sentio.
1153 1081 1291 1161 p104de
1302 1079 1532 1162 Pompeiifiliis

369 1200 442 1272 post
456 1188 614 1271 proelium
629 1189 715 1271 apud
729 1188 889 1248 Mundam
904 1184 1073 1247 uictoriam
1088 1184 1330 1267 desperantibus
1347 1185 1485 1248 Sextum
1499 1207 1532 1248 se

369 1294 404 1356 in
421 1293 593 1357 Celtiberia
614 1291 850 1356 abscondidisse
870 1301 997 1364 narrat3
1033 1282 1183 1352 ‘Gnatam'
1207 1289 1252 1351 ait
1263 1283 1397 1372 ‘proelio
1412 1290 1531 1375 prosu-

366 1417 443 1479 9um
467 1434 505 1444 -—
518 1406 731 1482 paqnantem,
761 1399 840 1460 adeo
859 1397 999 1459 nondam
1022 1395 1226 1476 desperabat,
1245 1386 1436 1479 r‘nterfecit'.
1475 1394 1530 1457 ubi

369 1501 467 1562 uerba
479 1495 569 1565 ‘odeo
583 1505 723 1566 nondam
739 1494 939 1584 desperabot'
958 1499 1090 1564 cumeis
1106 1521 1187 1580 quac
1202 1501 1296 1561 modo
1311 1499 1421 1581 posuit
1432 1494 1532 1563 ‘aide-

295 1616 298 1624 '
369 1605 443 1669 licet
455 1606 623 1670 uictoriam
639 1599 886 1689 desperantibus³
902 1606 949 1668 ita
965 1606 1099 1666 aduersa
1113 1604 1217 1665 fronte
1237 1614 1386 1686 pugnant
1414 1616 1532 1669 utnon

367 1712 496 1774 uideam
512 1734 575 1794 quo
590 1713 686 1775 modo
701 1713 741 1774 ab
757 1713 869 1774 eodem
883 1710 1036 1793 scriptore
1059 1708 1212 1791 coniungi
1233 1708 1418 1790 potuerint3
1443 1732 1530 1793 prae-

369 1817 480 1879 sertim
496 1838 569 1878 cum
585 1817 612 1878 is
628 1815 684 1898 qui
698 1816 733 1878 in
747 1817 826 1901 fuga
841 1818 881 1879 ab
895 1816 987 1879 hoste
1003 1816 1170 1898 adgressus
1185 1835 1295 1896 pugna
1317 1836 1351 1877 se
1374 1815 1527 1892 defendit,

367 1922 440 1983 ideo
454 1943 520 1983 non
543 1922 724 2003 desperasse
731 1921 794 1983 dici
807 1931 957 2004 nequeat.
976 1941 1072 2002 quare
1083 1919 1162 1981 haec
1175 1918 1313 2002 aliquem
1326 1920 1529 2003 adscripsisse

367 2036 446 2108 puto
462 2026 525 2102 cui,
544 2026 620 2108 quia
630 2049 778 2111 pugnans
794 2027 981 2089 interfectus
989 2048 1056 2088 esse
1066 2035 1214 2086 narratur
1223 2025 1336 2087 Gneus
1344 2026 1527 2108 Pompeius,

363 2141 442 2193 nota
458 2130 594 2213 dignum
617 2131 724 2194 uisum
748 2143 796 2195 est
812 2133 899 2215 quod
915 2142 1010 2194 antea
1036 2132 1218 2213 desperasse
1233 2128 1412 2193 dicebatur.
1453 2133 1530 2194 alter

366 2236 455 2300 locus
470 2236 588 2319 legitur
601 2258 623 2319 p
641 2245 691 2313 74,
710 2243 770 2313 28,
794 2236 850 2299 ubi
873 2247 1044 2318 postquam
1065 2246 1229 2298 narratum
1244 2246 1292 2297 est
1308 2237 1461 2299 Crassum
1475 2236 1529 2300 uix

368 2342 590 2426 captiuitatem
611 2352 713 2404 morte
729 2341 894 2424 effugisse,
919 2342 1047 2404 additur
1065 2336 1126 2404 ‘sio
1145 2363 1265 2425 qaoque
1283 2341 1421 2405 relatam
1437 2350 1531 2425 caput

368 2446 506 2512 ludibrio
520 2445 659 2509 hostibus
673 2440 767 2526 suit'.
793 2457 862 2510 tum
877 2446 1009 2530 quidde
1030 2447 1097 2509 filio
1113 2457 1144 2509 et
1159 2450 1198 2509 de
1214 2446 1356 2530 reliquiis
1372 2447 1528 2510 exercitus

366 2554 488 2617 sactum
503 2551 545 2614 sit
560 2551 706 2614 traditur.
738 2551 875 2635 denique
897 2551 976 2614 haec
1001 2553 1162 2614 adduntur
1177 2546 1288 2634 ‘caput
1307 2552 1375 2616 eius
1397 2553 1528 2616 recisam

367 2681 436 2722 cam
453 2660 581 2722 destera
595 2678 693 2719 mana
708 2657 754 2718 ad
765 2677 869 2739 reqem
884 2665 1080 2738 reportatam
1097 2658 1234 2721 ludibrio
1246 2658 1338 2743 ficit,
1361 2643 1464 2741 neque
1484 2658 1527 2721 ia·

366 2765 473 2847 diyno.
505 2763 621 2825 auram
636 2759 718 2823 enim
735 2760 891 2843 liquidam
907 2761 945 2823 ia‘
956 2762 1072 2825 rictam
1088 2762 1152 2825 oris
1168 2762 1313 2847 infusam
1335 2771 1401 2840 est,
1427 2772 1465 2827 at
1479 2786 1527 2826 oa-

366 2868 416 2930 ias
432 2866 558 2928 animus
574 2873 701 2928 arserat
715 2865 792 2927 auri
806 2866 998 2948 rapiditate,
1015 2866 1082 2930 aias
1098 2867 1194 2930 etiam
1209 2875 1366 2931 mortuam
1384 2878 1416 2932 et
1436 2891 1527 2933 ecan-

363 2993 425 3054 9ue
451 2992 563 3051 corpas
590 2992 669 3032 auro
695 2965 868 3034 areretar’.
900 2972 1026 3033 nullam
1052 2972 1200 3054 equidem
1228 2996 1359 3037 eausam
1385 2975 1527 3037 inuenire

365 3096 496 3158 possum
511 3096 568 3137 cur
583 3076 622 3137 de
637 3075 697 3139 hac
721 3076 916 3139 contumelia
944 3076 994 3139 bis
1016 3078 1172 3141 referatur
1197 3079 1317 3142 eisdem
1337 3080 1404 3143 fere
1425 3080 1526 3143 uerbis

366 3180 452 3242 intra
467 3190 534 3241 tam
548 3201 686 3262 paruum
701 3181 841 3263 spatium
856 3181 1012 3264 repetitis.
1041 3185 1126 3264 quod
1147 3184 1262 3247 ultimo
1285 3184 1391 3266 capite
1413 3185 1527 3269 legitur

366 3295 588 3367 praeterquam
603 3286 689 3366 quod
704 3287 882 3349 accuratius
894 3309 961 3350 rem
977 3299 1103 3351 enarrat
1119 3289 1216 3352 etiam
1231 3290 1379 3353 Iordanis
1396 3290 1526 3354 auctori·

368 3399 434 3452 tate
449 3399 557 3451 tutum
572 3401 631 3452 est.
663 3390 822 3473 reliquum
844 3390 944 3473 igitur
965 3403 1032 3468 est,
1050 3404 1086 3455 ut
1102 3397 1187 3475 quod
1202 3395 1305 3477 priore
1326 3396 1399 3459 loco
1413 3396 1526 3479 legitm

367 3497 407 3557 ab
423 3517 459 3557 eo
474 3494 699 3576 interpositum
714 3498 878 3559 credamus
901 3497 957 3579 qui
980 3498 1058 3579 quid
1081 3502 1262 3563 demortuo
1278 3483 1394 3564 Crasso
1410 3502 1526 3564 factum

368 3600 410 3662 sit
425 3600 533 3664 statim
548 3600 724 3663 narrationi
739 3602 778 3663 de
793 3611 894 3663 morte
910 3602 978 3665 eius
1000 3604 1262 3687 subiungendum
1282 3605 1414 3687 putauit
1436 3606 1525 3689 idque

366 3704 506 3767 breuiter
520 3704 687 3768 indicauit.
713 3729 794 3789 quae
809 3707 907 3769 uerba
926 3707 983 3769 ubi
999 3709 1103 3772 deleta
1118 3721 1206 3786 sunt,
1228 3710 1262 3772 id
1278 3732 1408 3793 quoque
1423 3732 1524 3774 conse·

369 3806 514 3889 quimur,
531 3821 568 3872 ut
583 3812 678 3894 longe
694 3812 800 3894 aptius
816 3815 973 3896 quadrent
990 3837 1070 3896 quae
1086 3817 1125 3878 de
1141 3814 1248 3879 Crassi
1263 3815 1331 3877 filio
1345 3827 1522 3879 narrantur.

454 3912 536 3974 Aliis
550 3913 628 3977 locis
643 3915 730 3978 haud
745 3917 855 3999 paucis
870 3918 964 3981 facile
978 3921 1127 4003 cognosci
1142 3931 1247 4003 potest
1268 3920 1302 3981 in
1325 3922 1436 3984 codice
1451 3920 1525 3984 anti·

370 4015 534 4100 quissimo,
546 4039 657 4101 exquo
666 4030 732 4083 tam
743 4030 773 4084 B
784 4044 879 4105 quarn
891 4029 929 4087 N
936 4025 1074 4088 deriuati
1086 4036 1173 4102 sunt,
1184 4028 1342 4110 quaedam
1349 4022 1525 4110 explicandi

368 4121 473 4205 gratia
495 4123 708 4206 superscripta
733 4126 849 4203 fuisse,
882 4150 945 4211 quo
967 4130 1089 4192 factum
1111 4141 1211 4194 estut
1231 4141 1524 4213 posteautrumque

367 4227 402 4289 in
418 4229 589 4291 uerborum
605 4230 750 4318 ordinem
765 4253 784 4292 a
798 4232 934 4296 librariis
951 4236 1159 4299 describendo
1179 4236 1385 4318 reciperetur.
1428 4256 1524 4298 exem·

366 4330 422 4411 pla
428 4333 648 4397 memorabilia
661 4334 708 4396 ita
715 4339 884 4400 recensebo
893 4350 930 4401 ut
938 4342 1081 4423 primum
1095 4363 1132 4405 ea
1145 4341 1286 4404 adferam
1298 4340 1356 4405 ubi
1366 4347 1406 4405 N
1409 4353 1523 4405 utrum·

367 4455 429 4515 que
444 4438 598 4516 seruauit,
616 4447 647 4501 B
661 4451 789 4503 tantum
806 4443 942 4509 alterurn
958 4457 1077 4525 utrum,
1097 4457 1128 4510 et
1141 4446 1313 4529 antiquum
1331 4447 1427 4511 illum
1438 4465 1522 4532 quem

368 4543 520 4620 supposui
535 4544 678 4609 codicem
692 4552 724 4608 X
737 4547 866 4609 notabo.
902 4548 1082 4613 uidebimus
1099 4562 1208 4614 autern
1228 4563 1402 4636 utramque
1422 4552 1520 4617 lectio·

366 4664 440 4705 nem
456 4659 511 4710 aut
526 4645 712 4732 simpliciter
724 4652 877 4737 coniungi
894 4665 950 4717 aut
966 4656 1074 4718 addita
1085 4658 1243 4738 particula
1254 4666 1294 4735 et,
1313 4682 1363 4735 ac,
1382 4658 1444 4735 uel,
1462 4660 1516 4719 aui·
