3809 5534
703 619 851 663 armona
868 618 906 674 11,
925 612 951 661 5.
971 614 986 660 o
1004 599 1072 684 [111,
1091 614 1133 663 17.
1154 600 1211 686 1⁸].

601 839 663 901 VI.
687 839 872 903 BELLVM
887 839 1139 903 ADVERSVM
1156 840 1325 905 SOCIOS.

393 1023 509 1087 Sociale
523 1024 648 1088 bellum
663 1036 795 1088 uocetur
809 1024 885 1088 licet
900 1036 938 1088 ut
954 1036 1165 1090 extenuemus
1181 1026 1357 1104 inuidiam,
1382 1025 1410 1089 si
1425 1048 1537 1089 uerum
1551 1051 1605 1106 111,
1623 1027 1660 1090 18

393 1144 493 1193 tamen
509 1132 682 1208 uolumus,
705 1130 784 1194 illud
809 1130 906 1194 ciuile
927 1132 1051 1195 bellum
1073 1132 1146 1195 fuit.
1176 1132 1294 1217 quippe
1315 1156 1389 1197 cum
1404 1133 1542 1217 populus

394 1238 553 1301 Romanus
569 1237 722 1301 Etruscos
738 1237 871 1301 Latinos
894 1237 1093 1321 Sabinosque
1116 1238 1177 1301 sibi
1199 1239 1363 1304 miscuerit
1386 1250 1418 1302 et
1439 1261 1543 1302 unum

368 1356 424 1407 tex
444 1343 597 1407 omnibus
621 1343 812 1428 sanguinem
834 1345 948 1419 ducat,
973 1366 1087 1429 corpus
1108 1344 1184 1408 fecit
1206 1368 1247 1408 ex
1275 1345 1426 1409 membris
1449 1356 1481 1408 et
1504 1367 1544 1407 ex

393 1449 535 1514 omnibus
550 1471 636 1512 uuus
653 1460 716 1526 est3
742 1473 801 1513 nec
824 1450 947 1514 minore
968 1450 1091 1534 flagitio
1106 1450 1184 1515 socii
1200 1450 1285 1515 intra
1300 1449 1431 1514 Italiam
1446 1473 1543 1534 quam

392 1556 469 1621 intra
484 1556 600 1618 urbem
616 1554 702 1618 ciues
724 1556 932 1620 rebellabant.
973 1556 1082 1640 itaque
1103 1580 1179 1622 cum
1200 1557 1251 1621 ius
1281 1557 1423 1620 ciuitatis
1445 1579 1543 1640 quani

392 1663 509 1727 uiribus
540 1671 696 1725 auxerant
725 1662 804 1726 socii
834 1662 1009 1727 iustissime
1032 1664 1252 1746 postularent,
1276 1685 1373 1747 quam
1396 1662 1430 1725 in
1453 1684 1543 1745 spem

392 1791 435 1833 eos
458 1765 614 1851 cupidine
634 1767 863 1833 dominationis
887 1771 1013 1833 Drusus
1035 1782 1195 1849 erexerat,
1219 1782 1390 1856 postquam
1413 1768 1467 1831 ille
1489 1769 1543 1830 do·

356 1883 377 1933 lo
390 1874 518 1939 mestico
534 1875 651 1937 scelere
665 1897 835 1960 oppressus
851 1886 916 1951 est,
941 1877 1053 1939 eadem
1069 1876 1141 1952 fax,
1165 1897 1247 1958 quae
1267 1874 1361 1939 illum
1375 1873 1541 1949 cremauit,

391 1981 485 2045 socios
501 1980 537 2042 in
554 2002 642 2044 arma
656 1992 689 2044 et
703 1982 977 2066 expugnationem
991 1982 1079 2046 urbis
1096 1981 1252 2044 accendit.
1278 1981 1356 2065 quid
1377 1982 1439 2044 hac
1454 1981 1544 2043 clade

391 2084 530 2150 tristius?
555 2086 633 2169 quid
648 2088 884 2152 calamitosius?
907 2111 982 2152 cum
1004 2110 1098 2151 omne
1114 2086 1245 2152 Latium
1260 2098 1356 2169 atque
1373 2086 1541 2160 Picenum,

391 2192 517 2282 Etruria
532 2192 636 2255 omnis
653 2204 749 2277 atque
765 2195 961 2279 Campania,
985 2206 1145 2278 postremo
1166 2192 1264 2257 Italia
1278 2203 1389 2255 contra
1409 2202 1544 2254 matrem

390 2321 477 2364 suam
500 2320 537 2361 ac
559 2309 726 2381 parentem
748 2302 860 2365 urbem
882 2281 1090 2385 consurgeret
1094 2325 1103 2376 3
1128 2322 1203 2362 cum
1218 2321 1313 2362 omne
1327 2300 1424 2362 robur
1438 2296 1542 2361 fortis·

355 2414 375 2465 15
391 2405 542 2469 simorum
569 2404 892 2491 fidelissimorumque
915 2407 1074 2471 sociorum
1101 2407 1161 2471 sub
1187 2405 1253 2471 suis
1280 2404 1414 2488 quisque
1441 2402 1542 2487 signis

389 2511 542 2575 haberent
558 2510 769 2594 municipalia
783 2512 840 2575 illa
855 2513 1018 2597 prodigia,
1036 2512 1233 2596 Pompedius
1249 2513 1390 2587 Marsos,
1407 2520 1440 2572 et
1456 2508 1542 2573 Lati·

389 2640 442 2681 nos
463 2616 637 2694 Afranius,
663 2620 801 2683 Vmbros
825 2619 971 2696 Plotius,
994 2618 1153 2705 Egnatius
1175 2620 1348 2692 Etruscos,
1374 2613 1543 2678 Samnium

389 2722 627 2806 Lucaniamque
642 2724 810 2789 Telesinus
818 2750 828 2802 3
854 2749 928 2789 cum
943 2747 1055 2809 regum
1067 2736 1099 2788 et
1110 2724 1258 2810 gentium
1273 2721 1390 2787 arbiter
1404 2720 1543 2805 populus

389 2830 494 2916 ipsum
510 2852 544 2893 sc
559 2852 667 2914 regere
681 2853 748 2894 non
763 2842 888 2915 posset,
907 2843 938 2895 et
955 2830 1073 2920 qictrix
1088 2830 1184 2896 Asiae
1206 2842 1238 2895 ct
1260 2831 1408 2914 Europae
1432 2850 1450 2892 a
1466 2829 1544 2891 Cor·

352 2943 375 2995 lo
389 2937 464 3001 finio
480 2938 588 3000 Roma
603 2938 814 3020 adpeteretur.
1252 2954 1255 2958 ’

474 3042 623 3107 Primum
636 3042 698 3105 fuit
711 3044 789 3106 belli
804 3043 839 3107 in
853 3045 982 3108 Albano
996 3057 1106 3108 monte
1121 3044 1312 3120 consilium,
1336 3056 1373 3107 ut
1395 3044 1477 3107 festo
1493 3042 1544 3106 die

390 3148 580 3213 Latinarum
601 3148 706 3211 Iulius
731 3150 850 3213 Caesar
876 3161 908 3213 et
929 3150 1071 3213 Marcius
1095 3149 1268 3233 Philippus
1291 3149 1438 3213 consules
1460 3148 1544 3212 inter

390 3276 476 3318 sacra
492 3264 524 3316 et
547 3276 616 3316 aras
637 3253 890 3319 immolarentur.
916 3267 1087 3339 postquam
1110 3255 1144 3318 id
1165 3257 1253 3321 nefas
1276 3254 1456 3339 proditione
1480 3253 1542 3317 dis·

390 3382 518 3424 cussum
535 3370 602 3436 est,
620 3361 739 3423 Asculo
754 3361 842 3424 furor
858 3363 962 3425 omnis
977 3363 1094 3447 empit,
1112 3363 1147 3426 in
1159 3363 1229 3447 ipsa
1243 3362 1373 3447 quidem
1393 3362 1544 3424 ludorum

351 3474 374 3525 n
390 3466 568 3551 frequentia
583 3466 749 3530 trucidatis
765 3467 820 3552 qui
837 3479 914 3531 tunc
930 3471 1063 3533 aderant
1085 3471 1124 3533 ab
1147 3471 1224 3532 urbe
1245 3467 1371 3550 legatis.
1404 3466 1465 3528 hoc
1480 3464 1543 3527 fuit

389 3572 479 3656 impii
494 3571 571 3636 belli
587 3586 833 3637 sacramentum.
859 3573 934 3637 inde
949 3574 1015 3637 iam
1030 3575 1150 3658 passim
1165 3576 1204 3636 ab
1221 3572 1309 3635 omni
1323 3582 1413 3654 parte
1429 3571 1543 3635 Italiae

389 3681 469 3743 duce
485 3688 516 3741 et
532 3691 660 3742 auctore
674 3680 753 3742 belli
768 3680 967 3744 discursante
984 3679 1160 3763 Pompedio
1181 3678 1308 3742 diuersa
1329 3700 1385 3761 per
1407 3677 1542 3761 populos

390 3797 420 3849 et
434 3786 529 3849 urbes
546 3785 638 3869 signa
653 3785 805 3849 cecinere.
831 3810 890 3850 nec
906 3786 1079 3851 Annibalis
1094 3807 1153 3848 nec
1169 3783 1285 3869 Pyrrhi
1300 3784 1363 3848 fuit
1379 3795 1470 3849 tanta
1487 3806 1543 3848 ua-

393 4030 403 4075 1
417 4036 534 4078 amaru
547 4036 623 4079 avon
633 4037 776 4078 anvaaavs
793 4037 891 4080 socios
908 4039 1020 4080 eusrvu
1039 4040 1090 4080 aar
1106 4037 1130 4078 N
1141 4027 1150 4096 l
1163 4029 1178 4077 3
1192 4026 1255 4080 illut
1265 4026 1310 4096 Ν1
1323 4028 1339 4077 1
1351 4026 1404 4080 sibi
1415 4044 1458 4079 om
1468 4026 1513 4094 Ν1
1528 4030 1541 4076 7

389 4126 447 4162 cum
460 4106 532 4162 tusci
545 4107 669 4161 ciuitates
682 4126 749 4179 quas
760 4121 786 4161 N
796 4109 805 4181 11
818 4113 833 4161 8
847 4110 975 4181 adquam
987 4128 1066 4181 apeoa
1083 4112 1127 4181 Ν1
1140 4115 1156 4165 9
1176 4113 1374 4166 dominationes
1392 4113 1433 4181 15ss
1452 4127 1543 4164 erexe-

389 4201 447 4247 rant
458 4207 478 4247 B
491 4196 500 4265 11
517 4197 547 4245 lt)
561 4207 712 4263 opressuaa
725 4194 733 4265 11
749 4197 777 4246 11
793 4201 821 4247 et
832 4194 860 4247 in
870 4196 1100 4266 expugnationem
1112 4210 1137 4251 N
1147 4197 1157 4268 1
1169 4199 1219 4252 hec
1230 4210 1256 4251 N
1266 4200 1275 4268 11
1291 4201 1320 4250 13
1334 4203 1484 4250 matremac
1495 4212 1542 4264 pa·

388 4287 488 4333 rentem
507 4296 584 4332 suam
596 4280 640 4349 Ν1
656 4279 844 4351 ltipoppediua
855 4292 883 4345 B,
897 4282 1047 4351 poppedios
1058 4294 1084 4335 N
1093 4283 1103 4353 11
1118 4286 1148 4335 17
1162 4284 1279 4338 afrienus
1294 4296 1327 4347 Ν,
1347 4281 1474 4335 affranius
1485 4291 1509 4332 N
1521 4280 1530 4350 1

388 4364 492 4420 Plotius
516 4363 617 4417 Polliae
627 4365 808 4433 fortuitomm
820 4384 835 4418 e
847 4369 898 4419 22.·
916 4373 1030 4432 torosa,
1043 4375 1119 4421 totus
1130 4380 1154 4422 N
1166 4369 1175 4439 11
1188 4368 1323 4439 Egnatius
1335 4367 1465 4420 Etruscos
1477 4364 1543 4435 Lip-

387 4450 454 4503 aiae:
474 4444 585 4504 senatis
598 4450 629 4502 et'
637 4450 761 4503 consules
772 4463 817 4504 BN
826 4452 835 4521 11
852 4455 881 4504 18
895 4451 1040 4506 etelesinua
1052 4466 1071 4506 B
1083 4453 1092 4522 11
1105 4471 1195 4507 rerum
1206 4466 1226 4507 B
1238 4452 1247 4523 1
1263 4456 1293 4505 19
1311 4459 1343 4505 ut
1355 4451 1453 4505 uictrix
1472 4451 1543 4505 asiae

387 4551 556 4607 europaeque
573 4546 598 4587 N
609 4534 617 4604 11
631 4535 747 4589 confinio
758 4548 778 4588 Β
791 4536 800 4606 1
819 4540 851 4589 10
872 4554 947 4589 roma
964 4556 1007 4590 om
1027 4539 1218 4609 appeteretur
1235 4550 1260 4589 N
1270 4538 1279 4607 11
1299 4541 1328 4589 21
1351 4537 1437 4606 primo
1455 4537 1546 4606 3121·

387 4622 492 4676 aesculo
511 4631 538 4673 N
549 4617 558 4688 11
571 4618 671 4689 eripuit
686 4632 706 4672 Β
719 4619 728 4690 11
742 4624 774 4673 15
788 4628 846 4674 tum
857 4634 883 4674 N
893 4621 902 4691 1
914 4621 968 4675 fuit
979 4624 1088 4678 inbellis
1100 4631 1296 4678 sarmentum
1313 4625 1354 4695 311
1368 4627 1399 4676 21
1419 4624 1545 4693 pompeio

385 4716 410 4769 a,
424 4703 564 4779 poppedio
576 4715 601 4757 N
612 4703 620 4774 1
634 4708 666 4757 28
678 4705 752 4775 pyrri
764 4719 782 4759 B
795 4708 803 4775 11

1335 4797 1374 4857 6*
