3809 5534
399 579 437 639 111
816 625 821 632 .
883 595 954 638 ivm
971 595 1068 638 suoru

395 746 531 830 populos
552 743 772 827 frequentibus
788 743 885 807 armis
907 744 1046 827 subegit.
1087 744 1162 807 inde
1183 744 1283 807 fasces
1306 746 1435 808 trabeae
1456 766 1548 808 curu·
1568 747 1590 807 I

396 851 444 914 les
472 849 562 913 anuli
588 850 738 933 phalerae
759 850 989 933 paludamenta
1015 861 1218 933 praetextae,
1250 850 1325 914 inde
1345 852 1433 933 quod
1456 872 1551 913 aureo

398 979 511 1032 curru,
528 965 680 1038 quattuor
695 955 784 1039 equis
800 955 1030 1038 triumphatur,
1047 966 1142 1039 togae
1156 955 1261 1039 pictae
1276 956 1470 1038 tunicaeque
1484 956 1551 1040 pal·

397 1072 515 1136 matae,
533 1061 640 1124 omnia
655 1061 792 1143 denique
807 1062 921 1123 decora
936 1071 969 1123 et
984 1060 1142 1144 insignia,
1166 1060 1282 1143 quibus
1305 1060 1433 1144 imperii
1448 1061 1550 1144 digni-

398 1177 448 1230 tas
464 1165 595 1242 eminet,
612 1168 782 1251 adsumpta
796 1177 883 1229 sunt.
1567 1180 1580 1228 5

363 1278 382 1338 6
488 1271 619 1335 Seruius
641 1272 769 1334 Tullius
791 1271 941 1355 deinceps
969 1273 1189 1355 gubernacula
1204 1272 1293 1335 urbis
1318 1271 1468 1349 inuadit,
1496 1294 1553 1335 nco

400 1378 578 1441 obscuritas
593 1376 735 1440 inhibuit
751 1378 899 1460 quamuis
913 1387 1015 1441 matre
1031 1400 1124 1441 serua
1139 1389 1291 1441 creatum.
1310 1399 1387 1442 nam
1401 1378 1552 1441 eximiam

399 1484 541 1547 indolem
554 1505 635 1546 uxor
650 1483 817 1566 Tarquinii
832 1483 994 1566 Tanaquil
1008 1484 1183 1547 liberaliter
1201 1485 1414 1558 educauerat‚
1437 1494 1472 1545 et
1491 1484 1552 1546 ola-

399 1612 471 1653 rum
492 1590 559 1654 fore
581 1590 650 1653 visa
672 1589 756 1652 circa
778 1599 875 1672 caput
897 1590 1027 1652 flamma
1047 1589 1246 1672 promiserat.
1272 1610 1347 1671 ergo
1368 1587 1455 1651 inter
1477 1591 1552 1652 Tar-

400 1694 504 1779 quinii
517 1706 654 1771 mortam
671 1694 837 1757 adnitente
851 1695 964 1777 regina
978 1694 1175 1757 substitutus
1189 1694 1225 1757 in
1239 1695 1345 1758 locum
1361 1694 1446 1777 regis
1463 1694 1553 1778 quasi
1571 1706 1592 1755 1(

400 1800 435 1862 in
450 1811 596 1883 tempus,
620 1821 757 1882 regnum
771 1800 845 1862 dolo
859 1811 988 1885 partum
1004 1800 1049 1862 sic
1064 1801 1130 1882 egit
1144 1801 1303 1863 industrie
1328 1811 1366 1864 ut
1388 1801 1461 1864 iure
1482 1801 1551 1864 adc-

398 1916 477 1989 ptus
491 1904 665 1967 uideretur.
690 1906 730 1968 ab
745 1907 806 1968 hoc
821 1906 961 1989 populus
976 1907 1143 1968 Romanus
1159 1905 1280 1969 relatus
1295 1905 1329 1967 in
1345 1928 1491 1983 consum,
1509 1906 1552 1968 di-

401 2019 511 2093 gestus
527 2009 562 2071 in
577 2010 712 2087 classes,
737 2010 873 2073 decuriis
895 2013 1000 2094 adque
1022 2010 1165 2093 collegiis
1180 2010 1391 2087 distributus,
1415 2031 1552 2075 summa·

402 2136 464 2197 que
478 2114 562 2197 regis
578 2116 719 2179 sollertia
733 2116 780 2179 ita
795 2127 843 2179 est
859 2116 1006 2179 ordinata
1025 2138 1074 2178 res
1095 2116 1244 2199 publica,
1268 2127 1306 2180 ut
1327 2116 1438 2180 omnia
1459 2116 1553 2200 patri·

401 2220 503 2283 monii
518 2221 685 2304 dignitatis
701 2221 815 2285 aetatis
831 2221 950 2284 artium
963 2221 1200 2304 officiorumque
1212 2221 1399 2285 discrimina
1413 2222 1449 2285 in
1466 2225 1553 2286 tabu·
1572 2234 1592 2281 tt

401 2327 449 2389 las
465 2327 673 2401 referrentur,
692 2348 728 2389 ao
745 2326 790 2389 sic
805 2327 946 2389 maxima
961 2326 1076 2390 ciuitas
1091 2326 1243 2390 minimae
1258 2330 1372 2391 domus
1388 2328 1555 2411 diligentia

403 2431 631 2494 contineretur.
1217 2439 1219 2448 '

367 2520 385 2578 7
489 2540 674 2602 Postremus
690 2537 753 2600 fuit
768 2537 913 2601 omnium
933 2559 1047 2621 regum
1067 2537 1280 2620 Tarquinius,
1303 2538 1356 2601 cui
1379 2561 1556 2622 cognomen

404 2644 548 2726 Superbo
564 2665 604 2706 cx
618 2642 760 2706 moribus
782 2646 905 2707 datum.
930 2644 983 2705 hio
994 2664 1131 2725 regnum
1145 2642 1288 2718 auitum,
1305 2645 1392 2725 quod
1408 2667 1428 2707 a
1443 2645 1555 2707 Seruio

403 2750 591 2822 tenebatur,
615 2770 726 2830 rapere
747 2750 864 2813 maluit
892 2770 990 2832 quam
1018 2759 1203 2831 expectare,
1232 2748 1405 2832 missisque
1425 2751 1461 2812 in
1484 2773 1556 2814 eum
1572 2762 1592 2811 tt

401 2853 640 2937 percussoribus
656 2854 774 2915 scelere
787 2863 914 2936 partam
933 2863 1126 2936 potestatem
1146 2875 1212 2916 non
1233 2853 1349 2917 melius
1371 2856 1439 2938 'egit
1462 2878 1557 2939 quam

402 2957 629 3040 adquisiuerat.
654 2979 714 3020 nec
729 2959 918 3021 abhorrebat
932 2959 1075 3021 moribus
1090 2981 1172 3022 uxor
1187 2959 1313 3035 Tullia,
1337 2982 1440 3042 quae,
1457 2974 1496 3026 ut
1510 2963 1556 3025 ui·

402 3085 474 3125 rum
494 3084 603 3146 regem
629 3063 803 3139 salutaret,
827 3085 924 3148 supra
945 3073 1116 3127 cruentum
1137 3074 1262 3148 patrem
1290 3075 1385 3128 uecta
1406 3073 1557 3152 carpento

402 3179 621 3234 consternatos
637 3190 736 3252 equos
751 3169 869 3252 exegit.
888 3180 937 3231 set
951 3169 1020 3253 ipse
1034 3168 1070 3231 in
1085 3179 1234 3231 senatum
1249 3170 1422 3247 caedibus,
1439 3172 1476 3234 in
1491 3173 1556 3255 ple·

401 3276 475 3337 bem
486 3274 686 3350 uerberibus,
703 3274 738 3336 in
754 3274 856 3338 omnis
872 3274 1039 3357 superbia,
1064 3295 1145 3356 quae
1160 3274 1350 3337 crudelitate
1363 3276 1497 3358 grauior
1512 3287 1558 3340 est
1574 3287 1592 3335 a

401 3380 513 3456 boniS,
529 3390 713 3463 grassatus,
731 3401 805 3442 cum
820 3379 989 3442 saeuitiam
1000 3379 1087 3441 domi
1102 3379 1287 3461 fatigasset,
1304 3381 1437 3444 tandem
1452 3382 1557 3445 inho

402 3496 467 3549 stes
489 3506 664 3548 conuersus
687 3496 746 3568 est.
772 3485 817 3547 sic
832 3484 942 3547 ualida
965 3484 1084 3567 oppida
1111 3483 1197 3547 Latii
1220 3494 1315 3568 capta
1334 3498 1430 3562 sunt,
1453 3489 1558 3550 Ardea

402 3591 585 3654 Ocricolum
600 3590 698 3655 Gabii
714 3592 832 3653 Suessa
846 3590 1004 3654 Pometia.
1023 3599 1092 3652 tum
1108 3611 1235 3672 quoque
1250 3604 1403 3655 cruentus
1419 3593 1455 3656 in
1471 3616 1554 3657 suos.

401 3719 505 3780 neque
520 3697 607 3760 enim
621 3695 726 3760 filium
738 3698 903 3759 uerberare
919 3694 1100 3770 dubitauit,
1123 3705 1160 3758 ut
1176 3696 1342 3759 simulanti
1357 3700 1559 3782 transfugam

402 3810 480 3881 aput
494 3800 596 3863 hostis
611 3801 688 3863 hinc
707 3804 786 3865 fides
802 3812 895 3864 esset.
921 3800 974 3863 cui
990 3800 1121 3876 Gabiis,
1146 3811 1183 3864 ut
1194 3802 1361 3878 uoluerat,
1383 3816 1513 3888 recepto
1527 3814 1558 3866 et
1576 3814 1589 3863 3

403 4056 417 4103 2
428 4051 575 4104 falacraeN
586 4053 594 4121 11
607 4059 778 4121 praetextaN
788 4054 797 4122 11
812 4057 939 4106 dcurros
952 4054 961 4123 11
976 4054 1212 4123 badsumptasunt
1223 4052 1328 4122 compsi:
1342 4063 1490 4126 assumpta
1497 4062 1558 4109 sunt

402 4150 435 4200 Β,
451 4143 559 4206 sumpta
571 4142 636 4189 sunt
652 4149 683 4199 Ι,
703 4155 745 4189 om
757 4150 782 4190 N
799 4137 807 4207 11
831 4142 845 4190 8
859 4139 987 4191 educarat
997 4151 1022 4191 N
1033 4138 1041 4208 11
1058 4141 1088 4191 10
1101 4138 1268 4192 adnitentem
1281 4140 1296 4191 b
1309 4139 1318 4208 11
1332 4139 1412 4209 quasi
1425 4158 1482 4193 non
1494 4150 1557 4194 tem-

383 4273 384 4276 ,
402 4239 453 4292 pus
465 4222 503 4284 1¹⁹,
527 4222 605 4291 quasi
622 4227 729 4289 tempus
741 4234 766 4273 N
782 4222 791 4291 11
807 4225 835 4273 13
850 4222 933 4275 clsses
945 4235 965 4274 Β
978 4224 986 4292 11
1000 4224 1081 4275 curiis
1093 4236 1117 4276 N
1128 4223 1138 4293 11
1153 4226 1182 4274 11
1196 4225 1358 4292 patrimonia
1372 4226 1388 4276 b
1402 4225 1411 4296 11
1428 4229 1457 4276 15
1472 4224 1557 4295 digni-

401 4317 443 4359 tas
454 4320 474 4360 B
486 4308 495 4377 11
512 4309 542 4359 16
555 4324 585 4358 ac
598 4306 621 4358 si
633 4318 652 4357 Β
665 4306 674 4375 11
689 4309 720 4357 18
733 4308 854 4360 omnium
866 4308 920 4361 fuit
931 4320 956 4360 N
966 4307 975 4376 11
989 4326 1050 4361 cum
1062 4321 1081 4360 Β
1094 4310 1102 4378 11
1123 4313 1155 4361 20
1168 4308 1341 4377 inmissisquc
1353 4322 1378 4361 N
1389 4311 1398 4381 11
1413 4315 1446 4363 22
1460 4296 1556 4381 adquir-

402 4391 483 4445 sierat
493 4404 519 4445 N
530 4391 538 4461 11
552 4396 584 4444 24
598 4391 655 4460 egit
666 4403 691 4443 N
701 4390 709 4459 11
730 4392 758 4443 in
771 4392 876 4461 plebem
889 4393 1047 4445 uerberibus
1060 4412 1102 4445 om
1114 4405 1139 4446 N
1155 4393 1164 4462 11
1183 4396 1215 4445 25
1229 4394 1357 4462 superbia
1368 4402 1453 4465 atque
1466 4396 1556 4448 crude·

401 4475 477 4529 litate
488 4489 513 4529 N
524 4477 532 4547 11
547 4481 579 4530 26
593 4475 743 4533 saeuitiiam
755 4489 780 4528 N
799 4477 807 4544 11
828 4481 858 4529 21
874 4478 974 4546 oppida
985 4477 1058 4530 Latii
1070 4477 1226 4545 nazarius:
1240 4478 1340 4548 oppida
1352 4480 1434 4532 Latio
1445 4493 1479 4544 Β,
1494 4479 1555 4532 latio

403 4560 502 4628 oppida
513 4575 534 4624 Ι,
553 4560 653 4630 oppida
665 4560 693 4612 in
706 4560 771 4613 latio
783 4574 808 4614 N
819 4562 827 4630 11
841 4565 873 4613 28
887 4562 974 4629 grauii
988 4575 1006 4612 Β
1019 4562 1027 4631 11
1041 4579 1115 4614 sessa
1126 4575 1144 4614 Β
1164 4562 1172 4630 11
1194 4567 1225 4615 30
1239 4562 1330 4615 hostes
1343 4576 1382 4616 IN
1393 4564 1402 4633 11
1416 4583 1472 4634 quo
1484 4583 1500 4618 a
1510 4581 1554 4633 ga-

403 4642 454 4694 uiis
466 4656 507 4706 Βι,
523 4645 566 4697 cui
579 4646 673 4713 gabios
686 4657 711 4698 N
722 4645 730 4713 11
743 4654 865 4717 receptos
878 4658 900 4699 N
913 4649 921 4708 11
