3809 5534
706 616 855 661 nameus
872 616 910 674 11,
933 611 975 661 17.
997 608 1028 660 ts
1049 597 1132 682 [1111,
1151 612 1177 661 7.
1198 600 1239 684 8].
1499 603 1558 665 109

408 762 540 844 quamuis
557 765 658 829 duces
672 765 748 830 inde
762 779 945 849 praesentes
969 770 1136 844 adessent,
1159 769 1236 831 hine
1260 770 1396 834 alterum
1412 772 1553 855 eorporis

407 869 581 953 aegritudo,
607 870 702 936 illum
723 882 828 938 metus
851 884 883 938 et
904 874 1037 957 ignauia
1059 876 1305 952 subduxissent,
1330 887 1430 940 staret
1445 891 1553 942 tamen

406 996 451 1059 pro
464 976 613 1060 partibus
628 977 752 1042 inuicta
766 980 896 1043 fortuna
911 990 944 1043 et
959 980 1073 1044 ultoris
1089 993 1122 1043 et
1137 980 1192 1065 qui
1207 982 1444 1061 uindicabatur,
1463 1006 1552 1067 proe-

405 1082 472 1146 lium
488 1084 570 1148 adeo
586 1104 704 1167 anceps
719 1084 781 1148 fuit
796 1095 834 1149 ut
854 1108 912 1171 par
934 1086 1095 1169 utrimque
1118 1087 1289 1151 discrimen
1311 1089 1417 1153 exitus
1441 1090 1552 1173 proelii

385 1188 556 1253 tdoeuerit:
576 1200 670 1274 capta
686 1201 762 1255 sunt
777 1190 852 1256 hine
868 1192 1013 1257 Caesaris
1029 1203 1144 1268 costra,
1162 1194 1237 1257 inde
1253 1195 1356 1258 Cassi.
1375 1218 1416 1259 eu
1432 1206 1552 1278 quanto

404 1295 552 1360 efficacior
573 1308 624 1361 est
649 1296 780 1360 fortuna
809 1320 905 1381 quam
926 1297 1045 1362 uirtus!
1071 1310 1104 1361 et
1125 1321 1221 1382 (quarn
1242 1320 1355 1362 uerum
1376 1314 1442 1379 ost,
1467 1305 1552 1385 quod

403 1402 534 1465 moriens
550 1405 673 1467 Brutus
686 1402 819 1480 efflauit,
837 1425 903 1467 non
919 1404 952 1466 in
969 1426 1013 1481 re,
1032 1404 1137 1467 sedin
1150 1405 1248 1469 uerbo
1265 1415 1391 1469 tanturn
1407 1428 1475 1470 esse
1487 1406 1550 1469 uir·

402 1508 510 1573 tuteml
530 1507 703 1572 uictoriam
716 1508 766 1573 illi
780 1510 902 1593 proelio
918 1531 1003 1573 error
1018 1510 1117 1573 dedit.
1143 1512 1273 1576 Cassius
1285 1511 1440 1575 inclinato
1452 1534 1550 1575 cornu

401 1636 524 1679 suorum
548 1636 624 1677 cum
640 1614 742 1698 captis
758 1615 903 1680 Caesaris
920 1616 1031 1681 eastris
1047 1617 1158 1700 rapido
1174 1617 1296 1700 impetu
1312 1616 1500 1702 recipientes
1517 1639 1550 1683 se

367 1730 387 1780 u
399 1721 514 1806 equites
531 1720 674 1798 uideret,
696 1721 807 1805 fugere
829 1721 984 1786 abitratus
1001 1722 1110 1787 euadit
1125 1724 1160 1787 in
1183 1724 1355 1787 tumulum.
1386 1722 1462 1786 inde
1477 1723 1548 1805 pul·

398 1849 465 1893 uere
481 1838 516 1892 et
532 1827 686 1911 strepitu,
708 1826 804 1891 etiam
826 1839 920 1892 noete
936 1828 1046 1892 uicina
1061 1829 1276 1894 eximentibus
1291 1840 1400 1913 gestae
1416 1828 1462 1892 rei
1478 1850 1548 1892 sen·

399 1955 483 2011 sum,
517 1955 594 1997 cum
621 1934 802 2017 speculator
824 1955 949 2016 quoque
971 1934 1006 1997 in
1029 1934 1064 1998 id
1087 1936 1203 1999 missus
1226 1935 1348 2000 tardius
1370 1933 1546 2010 nuntiaret,

398 2050 591 2105 transactum
606 2039 646 2105 de
663 2038 811 2123 ¹partibus
826 2049 914 2102 ratus
930 2039 988 2104 uni
1003 2062 1044 2103 ex
1066 2040 1220 2123 proximis
1235 2042 1446 2105 auferendum
1460 2061 1548 2125 prae·

397 2147 462 2211 buit
478 2157 587 2232 eaput.
626 2149 749 2210 Brutus
772 2166 847 2208 curn
867 2144 903 2209 in
917 2145 1030 2210 Cassio
1055 2146 1153 2209 etiam
1174 2168 1270 2209 suum
1285 2146 1429 2209 animum
1445 2145 1548 2227 perdi·

363 2261 382 2313 15
396 2253 507 2331 disset,
530 2275 574 2316 ne
589 2252 723 2336 quidex
738 2250 905 2315 constituti
924 2253 988 2315 fide
1011 2250 1187 2335 resignaret
1215 2251 1281 2333 (ita
1308 2250 1394 2314 enim
1413 2271 1479 2313 non
1495 2271 1547 2312 su-

395 2381 517 2444 peresse
527 2359 614 2423 bello
626 2361 845 2440 conuenerat),
858 2358 926 2441 ipse
942 2379 1068 2440 quoque
1083 2357 1142 2421 uni
1157 2358 1312 2422 comitum
1326 2378 1458 2420 suorum
1473 2377 1546 2418 con·

396 2466 582 2542 fodiendum
603 2465 750 2549 praebuit
780 2465 876 2528 latus.
923 2463 995 2546 quis
1024 2463 1277 2547 sapientissimos
1299 2485 1335 2527 ae
1357 2460 1546 2526 fortissimos

395 2573 476 2637 uiros
491 2593 561 2636 non
575 2571 709 2635 miretur
723 2572 764 2634 ad
779 2569 931 2632 ultimum
946 2590 1013 2631 non
1029 2570 1095 2632 suis
1110 2570 1260 2633 manibus
1282 2567 1376 2632 usos?
1399 2566 1463 2631 nisi
1485 2566 1547 2627 hoe

397 2701 519 2764 queque
534 2699 576 2741 ex
590 2675 796 2761 persuasione
812 2686 916 2738 sectas
931 2674 1013 2749 fuit,
1037 2696 1078 2736 ne
1100 2673 1260 2738 uiolarent
1282 2694 1416 2748 manus,
1441 2670 1546 2734 sedin

358 2777 380 2847 u'
393 2785 576 2852 amolitione
590 2781 835 2846 fortissimarum
849 2780 1129 2865 piissimarumque
1144 2779 1325 2843 animarum
1339 2777 1458 2841 iudicio
1474 2799 1544 2852 suo,

395 2894 508 2960 scelere
524 2889 630 2956 alieno
645 2897 822 2952 uterentur.

527 3118 667 3199 xvru.
691 3130 877 3197 nannum
896 3128 993 3192 cvm
1013 3126 1161 3193 ssxro
1179 3127 1398 3192 Postumo.

392 3320 535 3389 Sublatis
549 3318 786 3407 percussoribus
802 3314 947 3380 Caesaris
968 3324 1130 3399 supererat
1151 3314 1288 3398 Pompei
1309 3314 1434 3377 domus.
1465 3311 1662 3381 altannus

391 3431 548 3495 iuuenum
562 3426 598 3489 in
613 3424 776 3510 Hispania
790 3423 966 3498 occiderat,
989 3421 1070 3485 alter
1090 3422 1168 3504 fuga
1189 3431 1334 3484 euaserat
1360 3416 1544 3482 contractis·

353 3542 376 3597 lt
391 3559 452 3623 que
473 3534 613 3600 infelicis
634 3530 712 3596 belli
733 3528 895 3612 reliquiiS,
925 3549 1000 3591 eum
1027 3527 1159 3609 insuper
1187 3524 1349 3608 ergastula
1377 3530 1541 3597 armasset,

391 3641 536 3709 Siciliam
559 3638 804 3719 Sardiniamque
828 3634 979 3697 habebat.
1025 3633 1144 3695 iamet
1170 3631 1271 3694 classe
1291 3626 1435 3691 medium
1456 3647 1543 3689 mare

391 3750 570 3825 insederat,
602 3765 741 3828 oquam
760 3741 907 3804 diuersus
929 3761 948 3802 a
969 3738 1077 3822 patre!
1108 3736 1163 3799 ille
1185 3734 1304 3800 Cilicas
1326 3733 1540 3807 extinexerat3

393 4008 404 4056 1
419 4002 545 4076 quamuis
559 3998 657 4053 deinde
668 4003 822 4068 praesentes
834 3994 878 4064 Nl]
891 3996 906 4046 2
920 3996 1024 4047 starent
1043 3992 1082 4043 bN
1093 3990 1101 4059 11
1115 3992 1130 4041 3
1143 3988 1279 4059 proelium
1295 3987 1407 4057 sempsit
1426 3987 1541 4058 primum

388 4102 430 4146 ΒΝ
442 4090 452 4162 1
465 4093 481 4142 4
494 4095 527 4142 ut
539 4105 581 4140 om
591 4098 617 4139 N
627 4082 636 4155 11
648 4084 784 4153 utrimque
798 4100 833 4145 ς.·
846 4086 992 4148 utrumque
1001 4075 1064 4145 ΒΝ1
1077 4084 1109 4129 ut
1120 4075 1240 4128 exitusN
1251 4075 1260 4145 11
1273 4079 1288 4126 5
1302 4073 1425 4127 docuerit
1436 4070 1541 4139 serpsi:

389 4174 484 4232 docuit
495 4184 540 4228 ΒΝ
550 4172 559 4243 11
573 4171 651 4225 classi
663 4184 682 4224 Β
694 4169 703 4241 11
717 4186 750 4222 en
761 4165 907 4221 Halmius:
928 4171 956 4216 et
972 4174 1007 4226 Β,
1024 4162 1072 4214 sed
1088 4173 1114 4214 N
1124 4160 1132 4232 11
1146 4165 1161 4214 6
1174 4177 1269 4213 uerum
1288 4166 1330 4213 est
1347 4165 1374 4210 et
1386 4155 1460 4227 quod
1471 4168 1490 4207 Β
1503 4155 1512 4224 11
1526 4158 1540 4205 ’1

387 4263 492 4317 Brutus
504 4258 597 4312 addidi
612 4256 696 4311 Tullio
708 4258 831 4308 ouewre:
851 4267 893 4303 orn
905 4260 949 4302 ΒΝ
959 4248 969 4318 1
981 4246 1088 4300 effrauit
1099 4257 1124 4298 N
1135 4246 1144 4317 11
1157 4246 1205 4298 sed
1222 4252 1250 4299 et
1262 4245 1290 4298 in
1301 4242 1345 4312 Nu
1359 4242 1475 4293 8'errore
1487 4251 1507 4291 Β
1519 4239 1528 4308 11

389 4351 421 4404 12
435 4343 592 4401 enuntiaret
601 4342 646 4413 Ν1
661 4346 692 4396 13
704 4348 793 4395 ratum
804 4349 830 4391 N
839 4336 848 4407 11
864 4339 894 4388 14
908 4333 997 4403 eap'ud
1008 4345 1027 4384 Β
1040 4331 1049 4403 11
1065 4335 1094 4384 15
1108 4331 1180 4385 enim
1192 4342 1379 4400 persuperesse
1391 4336 1417 4377 N
1426 4324 1435 4392 11
1449 4339 1540 4392 super·

387 4436 461 4486 esset
470 4441 491 4484 Β
504 4428 513 4499 1
528 4427 622 4481 17=hae
632 4439 652 4480 Β
665 4426 674 4497 11
687 4444 718 4480 ae
729 4422 890 4479 fortissimos
902 4437 944 4471 om
956 4430 982 4470 N
992 4417 1001 4488 11
1015 4419 1046 4469 18
1060 4416 1112 4469 nisi
1132 4416 1155 4469 si
1173 4416 1225 4468 hoe
1242 4427 1268 4467 N
1278 4413 1286 4483 11
1301 4415 1332 4464 19
1352 4409 1476 4461 suasione
1487 4418 1507 4458 Β
1519 4406 1528 4476 11

386 4513 577 4589 persuassione
590 4512 677 4566 defuit
688 4509 732 4580 Ν1
745 4525 795 4562 nee
806 4520 825 4561 Β
838 4507 847 4578 11
860 4505 994 4559 uielarent
1004 4514 1030 4554 N
1039 4501 1049 4572 11
1063 4505 1094 4554 20
1114 4501 1244 4553 oblitione
1255 4497 1300 4566 111
1313 4494 1540 4589 sanctissimarum

386 4598 681 4672 pietatissimarumque
697 4607 723 4648 N
740 4596 749 4665 11
770 4597 802 4646 23
821 4590 946 4662 pompeio
965 4588 1053 4658 111121
1074 4587 1103 4639 in
1120 4604 1162 4638 om
1180 4596 1203 4637 N
1215 4584 1224 4651 11
1237 4578 1374 4651 hisspania
1391 4578 1479 4647 Β1125
1496 4594 1540 4629 eur

385 4700 411 4741 N
421 4688 430 4756 11
445 4690 476 4739 27
491 4682 644 4737 extinxerat
655 4693 674 4732 Β
687 4680 695 4750 11
783 4721 786 4727 ,
