3809 5534
685 599 834 646 neironis
850 600 890 658 11,
909 591 952 642 12.
974 592 1005 644 tc
1023 579 1106 666 [nn,
1125 591 1150 643 t.
1168 579 1211 666 2].
1491 585 1532 644 95

386 749 465 826 anni,
488 760 540 813 set
560 771 619 833 pro
640 750 730 815 clade
751 773 858 816 rerum
878 752 1008 827 breues;
1033 751 1061 815 si
1082 752 1190 814 locum
1211 761 1243 814 et
1265 750 1424 834 spatium,
1447 773 1532 815 com·

378 856 492 921 nissum
519 867 570 920 est
591 857 677 921 intra
702 858 853 935 ltaliam,
881 858 958 922 inde
984 880 1018 922 se
1043 858 1078 921 in
1104 857 1248 923 Galliam
1274 856 1532 940 Hispaniamque

386 962 502 1027 deflexit
525 985 754 1048 reuersumque
777 966 818 1028 ab
839 985 955 1028 measa
979 965 1055 1029 totis
1076 964 1201 1028 uiribus
1222 964 1258 1027 in
1280 963 1378 1047 Epiro
1394 964 1530 1028 Thessa·

384 1069 476 1154 lisque
491 1069 652 1146 consedit,
670 1070 747 1133 hinc
762 1071 798 1133 in
812 1072 999 1155 Aegyptum
1013 1070 1121 1134 subito
1137 1070 1319 1147 transiluit,
1336 1069 1412 1133 inde
1426 1091 1530 1153 respe-

361 1175 694 1253 rossemannas
709 1176 871 1253 incubuit,
888 1187 1049 1261 postremo
1063 1176 1099 1239 in
1111 1176 1307 1260 Hispaniam
1321 1176 1483 1261 regyrauit
1498 1188 1530 1239 et

380 1282 417 1346 ibi
429 1282 605 1365 aliquando
620 1281 746 1346 defecit.
771 1284 827 1346 sed
841 1304 909 1347 non
923 1293 957 1346 et
970 1282 1045 1347 odia
1062 1283 1205 1366 partium
1227 1282 1322 1346 finita
1342 1304 1417 1346 cum
1431 1282 1526 1346 bello.

379 1411 436 1453 non
457 1389 547 1452 enim
569 1389 658 1472 prius
681 1388 892 1471 quieuerunt,
920 1410 1018 1471 quam
1038 1388 1074 1451 in
1094 1388 1165 1473 ipsa
1186 1389 1266 1452 urbe
1287 1388 1394 1453 medio
1415 1400 1529 1453 senatu

379 1517 494 1573 eorum,
511 1496 569 1579 qui
584 1495 664 1559 uicti
678 1505 782 1570 erant,
798 1494 873 1558 odia
887 1495 1020 1558 uictoris
1036 1517 1069 1559 se
1085 1498 1181 1560 caede
1196 1494 1360 1559 satiarent.

454 1603 564 1667 Causa
579 1612 688 1665 tantae
702 1599 895 1665 calamitatis
911 1603 1024 1665 eadem
1037 1623 1120 1685 quae
1135 1601 1298 1676 omnium,
1314 1599 1415 1664 nimia
1429 1600 1529 1664 felici·

340 1715 360 1765 1)
378 1721 431 1774 tas.
460 1709 488 1773 si
510 1708 642 1791 quidem
663 1707 787 1775 Quinto
809 1708 943 1771 Metello
967 1708 1068 1772 Lucio
1090 1708 1225 1772 Afranio
1247 1706 1433 1771 consulibus
1454 1727 1530 1769 cum

348 1837 354 1844 ·
377 1817 520 1880 Romana
534 1814 684 1877 maiestas
699 1824 767 1876 toto
782 1814 857 1876 orbe
872 1813 1007 1897 polleret
1022 1826 1228 1898 recentesque
1248 1813 1419 1890 uictorias,
1444 1815 1529 1877 Pon·

376 1922 449 1986 ticos
466 1933 500 1985 et
515 1919 684 1983 Armenios
699 1918 880 2003 triumphos
895 1920 930 1983 in
947 1920 1153 2004 Pompeianis
1176 1920 1311 1985 theatris
1333 1923 1440 1985 Roma
1454 1942 1528 1983 can·

376 2041 464 2105 taret,
482 2026 585 2091 nimia
601 2025 734 2108 Pompei
749 2024 894 2108 potentia
909 2037 988 2109 aput
1003 2026 1121 2090 otiosos
1128 2074 1138 2103 ,
1155 2038 1192 2090 ut
1208 2027 1307 2103 solet,
1324 2028 1411 2091 ciues
1426 2027 1530 2092 mouit

375 2134 542 2199 inuidiam.
568 2132 722 2195 Metellus
738 2132 779 2194 ob
794 2129 994 2194 inminutum
1009 2133 1124 2196 Cretae
1140 2132 1360 2216 triumphum,
1377 2135 1458 2197 Cato
1474 2137 1528 2198 ad·

340 2247 484 2306 luersus
505 2249 653 2325 potentes
675 2258 799 2322 semper
825 2236 976 2320 obliquus
1005 2239 1180 2301 detrectare
1205 2239 1359 2322 Pompeio
1386 2239 1528 2323 actisque

374 2348 448 2412 eius.
458 2348 652 2430 obstrepere.
677 2343 730 2406 hic
745 2343 836 2406 dolor
850 2352 1072 2407 transuersum
1093 2344 1160 2427 egit
1175 2355 1208 2407 et
1230 2347 1271 2408 ad
1286 2344 1444 2428 praesidia
1458 2346 1527 2429 dig·

373 2453 468 2517 nitati
475 2452 620 2536 paranda
625 2448 757 2534 inpulit.
775 2449 857 2512 forte
873 2459 951 2511 tunc
963 2450 1099 2513 Crassus
1109 2471 1226 2534 genere
1238 2450 1361 2514 diuitiis
1370 2450 1528 2535 dignitate

372 2559 518 2635 florebat,
536 2568 574 2621 ut
588 2556 688 2620 uellet
703 2566 813 2619 tamen
828 2554 979 2618 auctioris
995 2577 1071 2638 opes
1079 2580 1088 2630 ;
1108 2556 1146 2619 C.
1166 2557 1283 2620 Caesar
1298 2557 1481 2639 eloquentia
1496 2568 1528 2620 et

372 2665 508 2750 spiritu,
536 2684 609 2726 ecce
634 2662 700 2726 iam
721 2673 754 2725 et
773 2662 944 2725 consulatu
967 2661 1194 2736 adleuabatur3
1222 2661 1394 2745 Pompeius
1419 2674 1528 2726 tamen

340 2781 356 2833 t
371 2771 456 2834 inter
470 2780 644 2852 utmmque
659 2768 833 2832 eminebat.
864 2768 909 2831 sic
930 2766 1031 2851 igitur
1046 2768 1182 2831 Caesare
1204 2766 1397 2852 dignitatem
1411 2789 1528 2854 conpa-

370 2899 459 2954 rare,
482 2876 600 2940 Crasso
614 2895 750 2958 augere,
774 2872 928 2956 Pompeio
943 2872 1080 2936 retinere
1095 2873 1300 2956 cupientibus
1315 2874 1528 2959 omnibusque

370 2983 490 3070 pariter
504 2980 669 3065 potentiae
684 2979 810 3063 cupidis
824 2983 864 3044 de
875 2979 1061 3043 inuadenda
1070 3001 1105 3043 re
1115 2980 1246 3063 publica
1256 2980 1350 3043 facile
1362 2981 1525 3046 conuenit.

371 3110 447 3174 ergo
469 3107 545 3151 cum
569 3085 692 3149 mutuis
718 3086 842 3150 uiribus
868 3086 903 3149 in
930 3108 1026 3150 suum
1051 3086 1186 3169 quisque
1212 3087 1309 3149 decus
1334 3085 1526 3161 niterentur,

371 3194 517 3260 Galliam
532 3194 649 3256 Caesar
662 3191 807 3269 inuadit,
826 3194 960 3257 Crassus
975 3193 1105 3269 Asiam,
1123 3192 1297 3276 Pompeius
1312 3192 1524 3276 Hispaniam:

340 3315 354 3364 5
372 3313 435 3365 tres
451 3297 588 3364 maximi
602 3298 778 3375 exercitus,
803 3310 835 3362 et
856 3299 892 3363 in
912 3299 964 3362 his
979 3299 1063 3363 orbis
1078 3299 1249 3384 imperium
1265 3300 1415 3365 societate
1431 3298 1529 3361 trium

371 3406 557 3492 principum
572 3414 756 3488 occupatur.
775 3407 885 3468 decem
900 3427 1002 3469 annos
1015 3407 1113 3469 traxit
1127 3407 1190 3470 ista
1205 3407 1381 3470 dominatio
1396 3428 1436 3468 ex
1450 3406 1526 3480 fide,

372 3514 449 3598 quia
473 3522 590 3575 mutuo
614 3520 704 3573 metu
730 3512 934 3574 tenebantur.
964 3512 1073 3575 Crassi
1094 3524 1196 3576 morte
1226 3514 1310 3596 apud
1336 3510 1473 3574 Parthos
1496 3521 1528 3573 et

372 3630 474 3683 morte
491 3617 595 3682 Iuliae
610 3616 754 3680 Caesaris
770 3616 873 3693 filiae,
899 3638 981 3700 quae
995 3628 1098 3701 nupta
1114 3616 1268 3700 Pompeio
1283 3616 1393 3699 generi
1414 3616 1527 3679 soceri·

372 3746 433 3810 que
448 3723 652 3790 concordiam
665 3721 862 3785 matrimonii
876 3723 1001 3787 foedere
1016 3722 1212 3799 continebat,
1230 3723 1341 3786 statim
1356 3722 1528 3787 aemulatio

341 3843 355 3892 ο
374 3831 491 3915 erupit.
521 3830 587 3893 iam
610 3828 764 3914 Pompeio
785 3839 952 3914 suspectae
967 3828 1112 3894 Caesaris
1133 3850 1208 3912 opes
1230 3840 1262 3894 et
1282 3829 1412 3894 Caesari
1433 3832 1528 3894 l'om·

376 4087 481 4143 tannis
499 4085 548 4141 sed
564 4084 606 4155 Β11
618 4084 715 4139 breues
732 4083 880 4137 Halmius:
898 4086 981 4139 breue
998 4097 1032 4149 Β,
1052 4084 1135 4138 breue
1151 4092 1259 4156 tempus
1276 4100 1301 4140 N
1317 4088 1326 4160 11
1342 4087 1462 4157 ιεραῑίιιιι]
1481 4086 1529 4138 ubi

375 4173 548 4227 commissum
560 4181 615 4235 ΒΝ,
635 4188 676 4225 sm
693 4170 847 4224 Periaonias
860 4171 869 4241 1
883 4173 898 4223 2
911 4169 1130 4241 hisspaniamque
1146 4182 1166 4223 Β
1178 4171 1215 4242 13
1236 4190 1360 4227 occasum
1376 4186 1396 4226 Β
1409 4173 1447 4242 14
1466 4171 1529 4224 hinc

373 4275 414 4311 om
424 4271 445 4311 Β
458 4259 467 4329 1
481 4263 619 4327 aegypton
631 4268 657 4308 N
667 4254 675 4325 11
689 4259 704 4308 5
717 4255 841 4328 hispania
852 4256 979 4327 regnauit
995 4269 1015 4309 Β
1027 4257 1036 4327 11
1050 4259 1064 4308 7
1078 4255 1145 4309 urbe
1157 4256 1217 4328 ipsa
1226 4270 1253 4310 N
1262 4258 1271 4329 11
1286 4261 1371 4311 Ssese
1381 4269 1407 4311 N
1417 4259 1425 4327 11
1438 4260 1454 4309 s
1468 4273 1529 4309 cau·

373 4360 417 4398 rae
433 4343 480 4414 Ν1
494 4342 642 4411 eademque
662 4340 782 4395 omnium
799 4341 863 4412 ΒΝ1
878 4344 909 4396 10
928 4342 1047 4395 africano
1058 4354 1078 4394 Β
1091 4341 1099 4412 11
1117 4344 1145 4393 ll
1165 4344 1317 4397 armoenios
1332 4354 1352 4395 Β
1364 4342 1373 4411 11
1389 4345 1420 4395 13
1437 4348 1530 4394 mouet

378 4430 418 4501 311
434 4432 465 4482 15
484 4434 609 4499 petentes
629 4439 648 4479 Β
661 4427 669 4498 1
683 4426 786 4481 oblicus
803 4439 828 4481 N
844 4428 853 4500 11
872 4428 1028 4498 pompeium
1040 4427 1084 4498 Ν1
1100 4431 1130 4481 16
1143 4428 1207 4482 hine
1218 4428 1262 4500 Ν11
1276 4436 1461 4482 transuersum
1472 4426 1517 4495 Ν1

375 4518 405 4569 18
417 4524 450 4569 ut
466 4513 522 4567 add
538 4512 748 4567 Mommseaiua:
768 4531 810 4566 om
827 4526 872 4567 ΒΝ
882 4514 891 4585 11
903 4514 1038 4567 auctiores
1056 4526 1081 4567 N
1098 4516 1108 4584 1
1126 4531 1153 4583 g.
1173 4526 1198 4568 N
1215 4512 1223 4583 11
1244 4517 1276 4565 21)
1294 4530 1375 4582 super
1392 4524 1417 4564 N
1434 4512 1443 4582 11
1456 4512 1529 4565 hunc

372 4599 504 4656 Heinsius
518 4598 527 4668 11
540 4601 572 4651 25
585 4597 717 4676 maximos
727 4609 754 4651 N
763 4597 772 4667 11
786 4605 814 4651 et
825 4599 877 4653 iarn
891 4601 929 4653 sic
942 4599 1015 4653 orbis
1026 4612 1051 4652 N
1061 4600 1070 4667 11
1084 4604 1116 4653 26
1130 4598 1278 4653 dominatio
1290 4597 1389 4651 exinde
1402 4597 1529 4667 quoniam

371 4687 415 4758 Ν1
429 4690 463 4740 21
477 4693 507 4739 et
519 4702 561 4737 om
573 4696 592 4737 Β
605 4685 614 4753 1
628 4686 660 4737 29
672 4682 783 4738 tenebat
794 4687 838 4756 Ν1
