3809 5534
777 635 926 681 nrrrorra
942 635 968 692 1,
986 626 1017 677 22
1036 615 1089 700 [11‚
1106 616 1148 701 u].
1506 622 1546 683 37

375 784 391 844 I
401 783 438 847 ita
454 784 612 847 instruxit
627 786 740 864 aciem,
758 797 813 863 ut,
831 785 989 850 Romanis
1004 788 1158 850 aduersus
1173 786 1252 850 haec
1267 789 1376 851 omnia
1390 789 1544 865 obuersis,

399 893 572 956 secundum
586 891 712 956 caelum
727 904 841 957 tenens
856 904 957 958 uento
971 891 1106 975 puluere
1121 902 1154 955 et
1169 894 1235 957 solo
1250 905 1419 978 pugnaret.
1437 894 1547 978 itaque

397 999 453 1061 duo
467 997 605 1061 maximi
619 998 778 1062 exercitus
794 998 878 1063 caesi
892 1000 933 1062 ad
948 997 1091 1061 hostium
1106 998 1305 1077 satietatem,
1328 1001 1430 1063 donec
1444 999 1547 1063 Anni-

396 1103 441 1167 bal
457 1104 580 1168 diceret
594 1104 692 1168 militi
707 1126 766 1168 suo
777 1100 884 1189 ‘parce
898 1096 1003 1167 ferro’.
1028 1104 1148 1167 ducum
1163 1104 1247 1187 fugit
1262 1105 1354 1182 alter,
1372 1106 1452 1169 alter
1467 1105 1547 1168 occi-

373 1220 439 1274 ssus
454 1220 524 1285 est;
543 1210 692 1287 dubium,
709 1222 782 1274 uter
796 1210 915 1274 maiore
931 1209 1050 1273 animo.
1069 1209 1210 1274 Paulum
1221 1210 1351 1292 puduit,
1365 1213 1467 1276 Varro
1481 1233 1548 1274 non

396 1317 584 1400 desperauit.
603 1319 797 1381 documenta
812 1315 912 1380 cladis
927 1326 1080 1379 cruentus
1096 1315 1284 1399 aliquandiu
1299 1319 1451 1394 Aufidus,
1467 1338 1548 1400 pons

394 1424 427 1486 de
449 1422 665 1487 cadaueribus
687 1423 778 1488 iussu
798 1423 890 1488 ducis
909 1423 1014 1487 factus
1037 1422 1072 1485 in
1094 1431 1233 1485 torrente
1255 1422 1424 1505 Vergello,
1447 1422 1548 1486 modii

395 1530 453 1592 duo
475 1529 650 1592 anulorum
671 1529 902 1613 Carthaginem
922 1527 1012 1593 missi
1034 1526 1238 1613 dignitasque
1259 1527 1414 1611 equestris
1436 1537 1549 1590 taxata

393 1656 552 1698 mensura.
586 1633 721 1698 dubium
741 1633 858 1699 deinde
880 1657 946 1698 non
969 1633 1029 1699 erit
1061 1633 1140 1717 quin
1168 1633 1321 1697 ultimum
1347 1633 1441 1696 illum
1461 1631 1547 1695 diem

355 1749 379 1802 11
392 1740 541 1804 habitura
556 1740 654 1804 fuerit
668 1742 774 1804 Roma
788 1740 1002 1825 quintumque
1017 1740 1103 1803 intra
1117 1739 1203 1803 diem
1217 1740 1340 1823 epulari
1355 1739 1499 1803 Annibal
1513 1737 1548 1799 in

391 1844 552 1930 Capitolio
567 1845 726 1930 potuerit,
745 1845 784 1922 si,
801 1847 887 1929 quod
910 1848 1056 1910 Poenum
1078 1846 1172 1909 illum
1194 1846 1313 1909 dixisse
1328 1845 1549 1909 Maharbalem

391 1950 579 2015 Bomilcaris
594 1951 720 2028 ferunt,
743 1952 887 2015 Annibal
908 1973 1004 2036 quem
1027 1954 1068 2016 ad
1089 1955 1222 2016 modum
1243 1952 1338 2015 sciret
1359 1951 1489 2014 uincere
1505 1948 1550 2011 sic

391 2058 439 2121 uti
455 2057 593 2120 uictoria
608 2057 730 2120 scisset.
756 2068 890 2120 sottum
906 2058 1036 2141 quidem
1051 2058 1164 2133 illum,
1189 2068 1226 2120 ut
1248 2056 1313 2119 dici
1333 2058 1430 2140 uolgo
1453 2057 1546 2131 solet,

392 2174 448 2227 aut
464 2162 569 2226 fatum
585 2163 674 2226 urbis
689 2162 903 2247 imperaturae
927 2173 985 2226 aut
1006 2164 1108 2248 ipsius
1129 2184 1221 2226 mens
1242 2162 1328 2224 mala
1350 2171 1383 2223 et
1403 2159 1509 2223 auersi
1531 2181 1549 2221 a

346 2280 373 2331 lt
391 2269 589 2353 Carthagine
605 2269 638 2332 di
653 2269 687 2331 in
703 2268 868 2332 diuersum
885 2270 1099 2333 abstulerunt.
1124 2290 1196 2331 cum
1213 2266 1349 2331 uictoria
1362 2275 1470 2349 posset
1484 2263 1547 2341 uti,

389 2374 594 2452 fruimaluit,
609 2375 783 2459 relictaque
795 2375 900 2437 Roma
912 2374 1124 2458 Campaniam
1136 2376 1378 2456 Tarentumque
1389 2370 1529 2454 perrexit
1536 2396 1545 2445 ;

388 2482 446 2546 ubi
461 2503 539 2545 mox
553 2492 585 2544 et
600 2481 668 2565 ipse
684 2491 716 2544 et
731 2480 832 2564 ipsius
853 2480 1011 2543 exercitus
1033 2482 1126 2543 ardor
1146 2480 1292 2563 elanguit
1312 2481 1390 2542 adeo
1413 2488 1451 2540 ut
1473 2499 1548 2540 uere
1600 2498 1603 2503 ·

389 2588 514 2653 dictum
535 2587 577 2650 sit
599 2587 745 2670 Capuam
759 2585 915 2649 Annibali
930 2587 1060 2650 Cannas
1071 2586 1181 2650 firisse.
1200 2584 1228 2648 si
1243 2585 1373 2668 quidem
1388 2583 1548 2646 inuictum

390 2694 531 2779 Alpibus
546 2692 804 2774 indomitumque
820 2691 916 2755 armis
933 2692 1090 2777 Campani
1106 2730 1148 2739 —
1164 2690 1235 2776 quis
1258 2688 1419 2754 crederet?
1445 2724 1482 2736 —
1499 2710 1547 2752 so·

346 2811 373 2863 20
389 2801 436 2865 les
452 2810 485 2864 et
501 2810 647 2883 tepentes
662 2797 806 2861 fontibus
822 2796 921 2860 Baiae
936 2798 1143 2880 subegerunt.

478 2905 677 2969 Permissum
691 2914 739 2967 est
755 2903 884 2966 interim
900 2904 1054 2987 respirare
1070 2902 1227 2966 Romanis
1250 2914 1282 2966 et
1305 2902 1398 2986 quasi
1413 2903 1452 2966 ab
1468 2901 1547 2965 infe·

391 3013 434 3077 ris
458 3033 631 3095 emergere.
664 3032 753 3073 arma
776 3031 843 3072 non
862 3020 969 3072 erant:
1003 3011 1146 3072 detracta
1167 3020 1242 3072 sunt
1268 3008 1407 3091 templis.
1439 3010 1548 3071 deerat

390 3118 562 3180 iuuentus:
592 3116 627 3179 in
648 3125 883 3179 sacramentum
905 3113 1042 3176 liberata
1063 3113 1207 3177 seruitia.
1240 3115 1354 3198 egebat
1370 3114 1544 3177 aerarium:

391 3245 466 3308 opes
482 3245 557 3287 suas
573 3232 704 3285 senatus
719 3219 754 3283 in
769 3219 911 3283 medium
926 3219 1031 3282 libens
1052 3219 1206 3303 protulit,
1234 3242 1294 3283 nec
1316 3232 1441 3304 praeter
1463 3222 1548 3304 quod

346 3339 376 3391 tt
393 3329 427 3393 in
440 3328 541 3392 bullis
557 3326 758 3411 singulisque
773 3325 880 3390 anulis
895 3337 964 3388 erat
978 3323 1154 3408 quidquam
1171 3326 1233 3389 sibi
1248 3326 1318 3389 auri
1333 3328 1544 3411 reliquerunt.

393 3456 488 3519 eques
512 3443 641 3497 secutus
663 3433 848 3516 exemplum
869 3430 1077 3514 imitataeque
1098 3431 1240 3514 equitem
1261 3433 1375 3495 tribus.
1408 3431 1547 3514 denique

392 3542 447 3605 uix
459 3540 613 3605 suffecere
626 3539 765 3615 tabulae,
781 3537 840 3601 uix
856 3527 1032 3601 scribarum
1042 3559 1158 3600 manus
1171 3537 1315 3599 Laeuino
1331 3535 1547 3619 Marcelloque

392 3646 596 3722 consulibus,
613 3667 688 3708 cum
702 3644 902 3729 priuatorum
919 3665 994 3726 opes
1009 3643 1044 3706 in
1059 3642 1227 3726 publicum
1241 3641 1443 3704 referrentur.
1468 3640 1546 3724 quid

395 3918 507 3973 lomnia
518 3917 641 3971 aduersis
652 3916 730 3987 quasi
743 3916 923 3969 secundumN
933 3916 942 3987 11
957 3919 1009 3968 let
1014 3933 1055 3966 om
1064 3915 1117 3968 1¹'N
1129 3915 1137 3985 1
1151 3913 1261 3986 soleque
1272 3916 1302 3969 1?
1318 3915 1323 3986 1
1337 3920 1352 3968 4
1367 3914 1463 3984 effugit
1473 3927 1497 3968 N
1509 3914 1518 3984 11
1531 3918 1547 3967 6

393 4003 512 4075 gladisN
522 4002 532 4074 11
545 4001 742 4073 aliquamdiuN
752 4000 761 4071 11
774 3999 891 4064 addusd,
907 3998 1071 4053 hautfldusI
1081 3999 1090 4069 11
1105 4000 1272 4070 'luergelliN
1283 4000 1293 4072 11
1307 4000 1480 4072 8equestriN
1491 3998 1500 4070 11
1516 4003 1546 4053 10

391 4106 478 4160 fuerat
492 4104 534 4177 111
550 4108 578 4157 11
593 4104 666 4158 sicut
676 4119 793 4173 poenum
805 4114 821 4155 Ι
832 4101 840 4172 11
854 4100 1051 4155 macharbalem
1057 4079 1272 4164 11',adhdrbalem
1284 4116 1310 4157 N
1319 4104 1328 4174 11
1345 4106 1377 4156 12
1388 4070 1548 4156 niomilcalis

392 4203 416 4244 N
425 4191 435 4262 11
448 4192 472 4245 si
484 4189 618 4244 annibali
628 4188 637 4259 11
651 4187 780 4242 hannibal
792 4188 815 4242 si
824 4206 904 4258 quem
915 4199 941 4240 N
951 4188 960 4256 11
978 4189 1007 4239 13
1020 4192 1062 4239 set
1073 4204 1116 4238 om
1127 4198 1153 4238 Ν
1163 4188 1172 4258 11
1186 4188 1270 4259 uulgo
1282 4202 1302 4242 Β
1314 4190 1323 4261 11
1339 4193 1371 4243 14
1383 4190 1548 4258 imperaturo

388 4289 413 4330 Ν
422 4277 431 4348 11
446 4280 479 4331 16
492 4274 634 4346 campania
643 4286 664 4327 B
676 4272 685 4344 11
698 4274 816 4343 perrexit
822 4285 865 4326 NI:
878 4290 1020 4343 peragrare
1032 4283 1058 4324 N
1068 4272 1077 4341 11
1094 4273 1123 4323 17
1137 4271 1222 4342 ipsius
1235 4292 1278 4327 om
1288 4286 1315 4327 N
1325 4274 1334 4345 1
1346 4292 1410 4328 mox
1422 4272 1547 4343 et'ipsius

390 4369 418 4416 at
426 4361 563 4416 exercitus
576 4360 705 4414 Dukerur
717 4360 726 4430 11
740 4375 834 4413 uerum
846 4370 872 4411 N
882 4358 891 4428 1
906 4360 936 4411 18
945 4369 1079 4420 cannosB,
1089 4374 1202 4411 cannam
1211 4372 1237 4413 N
1247 4361 1255 4432 11
1272 4363 1302 4414 19
1310 4377 1363 4431 que
1371 4377 1413 4411 om
1419 4371 1444 4411 N
1455 4357 1463 4428 11
1477 4374 1547 4411 cam-

390 4447 487 4517 paniae
498 4447 544 4517 Ν1
558 4445 751 4515 llpermissum
763 4449 805 4497 est
817 4455 890 4497 omN
900 4444 908 4516 11
921 4441 1066 4512 respiraret
1078 4442 1094 4494 d
1107 4442 1115 4512 11
1128 4460 1256 4498 romanus
1270 4456 1296 4497 N
1306 4445 1315 4516 11
1328 4448 1361 4497 22
1374 4443 1486 4497 deerant
1498 4443 1514 4495 d
1527 4443 1536 4513 1

389 4534 421 4585 23
435 4538 633 4585 sacramentum
645 4530 757 4584 militiae
776 4542 801 4583 N
812 4527 821 4599 11
839 4532 872 4582 21
885 4546 947 4583 suas
960 4525 1047 4579 libens
1061 4534 1171 4582 senatus
1183 4529 1212 4582 in
1230 4530 1348 4584 medium
1367 4528 1482 4598 protulit
1492 4542 1517 4583 N
1527 4530 1537 4599 11

389 4619 420 4669 25
436 4616 608 4688 singulisque
620 4623 648 4669 et
666 4615 754 4670 anulis
772 4616 802 4669 11'
815 4615 824 4687 11
838 4615 981 4687 quisquam
999 4612 1089 4681 111126
1108 4614 1358 4685 examimitataequs
1377 4613 1421 4684 Ν1
1434 4614 1549 4669 immita-

391 4711 489 4773 taeque
501 4715 521 4756 N
534 4702 543 4772 11
557 4706 589 4755 27
603 4702 724 4756 sufficere
735 4700 783 4755 Ml
796 4700 805 4772 1
818 4704 850 4754 28
864 4700 985 4771 priuatae
997 4712 1022 4754 N
1032 4702 1041 4771 11
1055 4701 1223 4755 deferrentur
1234 4699 1278 4770 Ν1
