3809 5534
708 613 857 658 armona
873 615 899 670 1,
916 606 1027 657 21-26
1045 596 1098 681 [11‚
1116 596 1235 681 8-10].
1512 601 1553 663 45

386 780 469 822 auro
483 781 628 843 prupura
649 774 782 846 argento
804 775 837 827 et
857 786 916 828 suo
938 765 1032 829 ebore
1053 764 1253 848 fulgentibus
1269 766 1369 830 aciem
1391 767 1552 853 utrimque

386 866 583 930 uallauerat.
602 869 660 932 sed
671 869 779 932 omnia
790 870 978 954 praepedita
989 870 1213 954 magnitudine
1226 893 1296 948 sua,
1310 873 1423 937 adhoc
1435 874 1549 952 imbre,

386 971 447 1055 qui
462 972 570 1037 subito
586 975 773 1059 superfusus
795 976 877 1040 mira
897 976 1052 1041 felicitato
1074 976 1219 1041 Persicos
1242 999 1333 1041 arcus
1355 992 1549 1064 corruperat,

386 1078 534 1162 primum
548 1080 739 1163 trepidatio,
756 1103 832 1144 mox
846 1081 942 1167 fuga,
960 1082 1075 1147 deinde
1091 1083 1274 1168 triumphus
1295 1084 1437 1149 fuerunt.
1463 1086 1551 1151 uicto

347 1194 364 1243 5
386 1197 420 1248 et
443 1183 585 1270 supplici
606 1208 720 1270 pacem
741 1197 928 1273 partemque
956 1188 1048 1273 regni
1074 1188 1144 1252 dari
1164 1188 1287 1274 placuit
1316 1211 1353 1253 eo
1382 1191 1547 1269 libentius,

389 1291 476 1373 quod
493 1300 562 1355 tam
575 1290 672 1355 facile
686 1292 845 1357 cessisset.

683 1515 796 1580 XXV.
821 1518 1007 1581 BELLVM
1021 1517 1251 1581 AETOLVM.

395 1699 523 1783 Syriaco
545 1698 632 1762 bello
658 1701 830 1779 successit,
859 1714 891 1766 et
921 1703 1078 1778 debebat,
1106 1702 1271 1767 Aetolum.
1317 1701 1403 1768 uicto
1431 1703 1549 1788 quippe
1569 1717 1645 1792 11‚9

395 1807 560 1869 Romanus
575 1804 738 1870 Antiocho
752 1807 837 1871 faces
853 1807 989 1872 Asiatici
1002 1808 1082 1872 belli
1096 1808 1357 1893 persequebatur.
1382 1830 1457 1893 ergo
1472 1810 1548 1873 Ful·

359 1919 380 1971 11
395 1912 445 1976 uio
458 1910 621 1977 Nobiliori
636 1913 789 1978 mandata
811 1912 893 1978 ultio
914 1926 974 1978 est.
999 1914 1053 1977 hic
1067 1914 1214 1999 protinus
1237 1924 1335 1998 caput
1347 1914 1456 1998 gentis
1471 1917 1548 1979 Am·

394 2018 552 2095 biaciam,
577 2018 700 2102 regiam
720 2018 854 2103 Pyrrhi,
881 2019 1040 2083 machinis
1064 2020 1179 2103 quatit.
1211 2030 1322 2083 secuta
1344 2020 1464 2085 deditio
1486 2034 1546 2085 est.

396 2126 525 2187 aderaut
551 2124 741 2189 Aetolorum
765 2124 913 2210 precibus
939 2125 1042 2189 Attici
1068 2125 1208 2201 Rhodii,
1243 2135 1275 2187 et
1300 2125 1548 2191 memineramus

396 2229 524 2306 auxilii3
550 2229 597 2293 sic
611 2230 734 2315 placuit
755 2230 929 2314 ignoscere.
956 2230 1072 2314 serpsit
1093 2242 1202 2293 tamen
1223 2229 1322 2293 latius
1337 2230 1372 2292 in
1386 2231 1548 2315 proximos

395 2334 514 2399 bellum
529 2356 721 2419 omnemque
735 2337 801 2400 late
817 2336 1063 2420 Cephalleniam
1078 2337 1268 2420 Zacynthon
1284 2347 1317 2399 et
1331 2336 1488 2420 quidquid
1498 2337 1547 2399 in-

346 2446 379 2500 15
397 2441 537 2505 sulatum
551 2441 587 2504 in
602 2464 639 2505 eo
655 2442 736 2505 mari
751 2442 836 2505 inter
847 2442 1025 2507 Ceraunios
1039 2454 1166 2506 montes
1182 2442 1358 2526 iugumque
1381 2443 1544 2506 Maleum:

395 2548 498 2613 Aetoli
512 2547 592 2611 belli
608 2547 747 2611 accessio
762 2547 905 2611 suerunt.
1555 2539 1558 2544 ’

647 2769 779 2832 XXVI.
804 2770 990 2835 BELLVM
1005 2767 1277 2832 HISTRICVM.

395 2955 499 3021 Histri
516 2965 669 3020 secuntur
682 2954 814 3017 Aetolos
823 2976 832 3027 ;
848 2949 968 3036 quippe
981 2952 1141 3016 bellantes
1152 2974 1206 3016 eos
1222 2975 1326 3038 nuper
1341 2953 1544 3017 adiuuerant.
1560 2977 1600 3034 11,
1618 2960 1656 3022 10

394 3073 420 3125 et
434 3061 533 3126 initia
546 3082 677 3145 pugnae
692 3058 779 3123 hosti
799 3079 949 3144 prospera
973 3058 1106 3121 fuerunt
1126 3060 1301 3142 eademque
1324 3060 1415 3123 exitii
1437 3081 1544 3124 causa.

354 3170 379 3226 21
394 3188 467 3232 uam
490 3189 566 3234 cum
587 3166 674 3231 Gnei
695 3164 814 3228 Manlii
828 3174 932 3228 castra
947 3162 1108 3246 cepissent
1129 3162 1318 3247 opimaeque
1338 3168 1476 3249 praedae
1497 3166 1546 3228 in·

393 3276 558 3350 cubarent,
576 3273 744 3357 epulantes
760 3292 797 3334 ac
812 3269 1009 3333 ludibundos
1024 3269 1209 3353 plerosque,
1226 3269 1283 3353 qui
1298 3280 1354 3332 aut
1369 3270 1426 3334 ubi
1441 3281 1549 3334 essent

392 3402 465 3465 prae
480 3378 606 3466 poculis
621 3377 817 3453 nescientes,
841 3374 968 3459 Appius
992 3375 1133 3438 Pulcher
1154 3376 1292 3440 inuadit.
1317 3376 1362 3439 sic
1384 3398 1459 3438 cum
1474 3397 1546 3439 san·

392 3487 489 3569 guine
505 3496 539 3549 et
554 3483 669 3568 spiritu
684 3484 768 3546 male
783 3492 909 3567 partam
924 3501 1111 3543 reuomuere
1126 3480 1305 3545 uictoriam.
1328 3480 1397 3563 ipse
1411 3502 1468 3542 rex
1482 3482 1545 3543 Ae-

391 3593 467 3675 pulo
491 3612 575 3674 equo
596 3588 776 3673 inpositus,
794 3607 868 3650 cum
883 3584 1021 3649 subinde
1036 3586 1168 3670 crapula
1183 3598 1216 3649 et
1230 3585 1344 3670 capitis
1360 3606 1463 3647 errore
1478 3586 1546 3670 lap·

354 3700 378 3753 ²5
394 3708 494 3774 soret,
519 3705 651 3780 captum
672 3715 741 3757 sese
760 3692 819 3755 uix
840 3701 873 3754 et
893 3712 1006 3774 aegre,
1029 3699 1199 3775 postquam
1220 3689 1461 3773 expergefactus
1484 3701 1545 3765 est,
1594 3768 1597 3774 ‚

393 3802 515 3867 didicit.

395 4059 401 4108 1
417 4072 538 4127 purpora
549 4053 612 4125 ΒΒ1
626 4052 708 4107 ebure
719 4064 744 4106 N
755 4052 764 4124 11
777 4050 937 4121 utrinusque
948 4060 974 4101 N
984 4048 994 4119 11
1006 4052 1021 4102 2
1035 4048 1189 4103 uariauerat
1199 4062 1219 4103 Β
1238 4049 1247 4121 11
1268 4049 1419 4121 praepidita
1429 4063 1457 4116 Β,
1472 4069 1547 4121 prae·

393 4141 447 4195 dita
458 4154 485 4195 N
496 4141 505 4213 1
518 4144 533 4194 3
547 4145 705 4211 perruperat
715 4150 735 4190 Β
747 4138 756 4209 11
770 4140 786 4189 4
798 4136 896 4189 dehinc
908 4146 934 4188 N
952 4133 962 4204 11
982 4137 997 4185 5
1009 4150 1102 4204 pacem
1114 4140 1196 4205 atque
1208 4142 1312 4205 partem
1324 4135 1402 4205 regni
1413 4147 1436 4187 N
1448 4135 1457 4206 11
1471 4140 1485 4187 ’1
1498 4150 1547 4189 ΑΒ·

392 4238 518 4281 uomcvu
530 4236 556 4279 N
565 4224 575 4296 11
588 4226 603 4276 8
617 4223 742 4294 syriatico
754 4233 779 4275 N
789 4221 798 4293 11
811 4220 955 4274 aetolicum
966 4231 1011 4272 BN
1021 4219 1030 4290 11
1043 4222 1058 4271 9
1078 4219 1290 4289 persequabatur
1307 4232 1326 4273 Β
1339 4220 1347 4290 1
1363 4221 1393 4271 14
1414 4219 1546 4289 cephalla-

392 4311 462 4364 niam
474 4323 510 4375 Β,
523 4308 692 4363 cefalleniam
702 4319 728 4360 N
738 4308 748 4379 11
763 4310 795 4360 16
806 4304 914 4361 aetolici
925 4303 970 4375 111
986 4307 1015 4356 17
1029 4316 1197 4358 Rrsrnlcvnt
1210 4317 1229 4359 Β
1242 4306 1251 4376 11
1268 4308 1297 4357 18
1311 4297 1443 4375 sequ'ntur
1458 4317 1478 4358 Β
1491 4305 1500 4375 1
1515 4307 1545 4358 19

391 4412 519 4467 prospera
530 4393 604 4449 hosti
615 4405 640 4446 N
650 4393 659 4464 11
672 4392 779 4446 fuerant
789 4404 809 4445 Β
822 4392 831 4463 11
845 4394 876 4445 20
889 4388 994 4443 manilii
1004 4401 1040 4453 Β,
1054 4388 1130 4441 malii
1147 4401 1174 4442 N
1191 4388 1199 4460 1
1220 4390 1390 4461 optimaeque
1407 4402 1432 4443 N
1443 4389 1452 4460 11
1471 4390 1546 4444 incu-

391 4478 455 4534 bant
465 4494 487 4535 Β
506 4480 515 4551 11
535 4482 565 4532 21
582 4477 737 4548 aepulantes
748 4489 768 4530 Β
788 4475 796 4547 11
817 4475 864 4547 qui
875 4493 917 4529 om
929 4474 974 4545 Nn
987 4477 1020 4527 22
1033 4472 1055 4527 si
1067 4486 1086 4526 Β
1099 4473 1108 4544 11
1122 4477 1154 4526 23
1167 4491 1370 4527 remouomuere
1382 4485 1405 4525 N
1418 4474 1426 4546 1
1440 4475 1547 4544 Aepulo

392 4582 438 4634 add
449 4587 524 4636 nette
548 4559 630 4647 abillo
642 4592 675 4645 Β,
701 4578 783 4649 apulo
803 4589 825 4631 N
844 4576 852 4647 1
873 4580 904 4629 21
920 4575 1015 4645 capitis
1028 4582 1056 4630 et
1072 4571 1188 4629 iactaret
1201 4592 1290 4628 errore
1307 4573 1548 4646 Ν125ε1ῳθηθο-

392 4674 433 4719 tus
443 4679 470 4720 N
481 4668 490 4737 11
