3809 5534
452 576 493 640 42
797 663 803 672 Ι
939 596 1011 640 rvm
1027 597 1125 641 ruonr

452 748 592 830 quodam
607 746 700 828 quasi
715 756 807 809 aestu
818 757 851 809 et
862 756 1002 810 torrente
1017 748 1177 823 fortunae,
1195 735 1251 810 sed
1265 748 1362 830 primi
1376 747 1526 812 omnium
1540 749 1613 812 Ma-

452 855 606 929 cedones,
631 853 805 915 adfectator
820 855 982 935 quondam
996 853 1123 937 imperii
1143 854 1293 936 populus.
1330 854 1439 937 itaque
1460 854 1613 936 quamuis

453 970 524 1022 tum
540 958 711 1042 Philippus
727 981 825 1042 regno
840 958 1051 1042 praesideret,
1079 959 1222 1023 Romani
1243 969 1352 1028 tamen
1373 958 1531 1023 dimicare
1552 959 1614 1023 sibi

453 1086 528 1129 cum
542 1086 617 1147 rege
631 1065 815 1128 Alexandro
838 1063 1043 1128 uidebantur.
1068 1065 1316 1130 Macedonicum
1334 1067 1459 1130 bellum
1479 1066 1612 1129 nomine

455 1170 594 1253 amplius
620 1192 717 1252 quam
742 1161 945 1254 spectatione
965 1170 1072 1253 gentis
1097 1172 1171 1235 fuit.
1196 1194 1294 1236 causa
1314 1172 1420 1254 coepit
1443 1194 1462 1235 a
1484 1172 1643 1236 foederet

457 1275 622 1360 Philippi,
639 1298 702 1358 quo
716 1298 773 1339 rex
787 1276 852 1338 iam
867 1275 993 1358 pridem
1015 1277 1235 1341 dominantem
1251 1276 1286 1339 in
1302 1277 1400 1341 Italia
1413 1277 1612 1340 Annibalem

346 1391 349 1396 ’
456 1381 518 1444 sibi
533 1381 656 1445 socium
670 1381 840 1457 iunxerat,
862 1392 975 1464 postea
988 1382 1091 1446 creuit
1105 1383 1342 1467 inplorantibus
1357 1383 1499 1447 Athenis
1522 1383 1611 1445 auxi-

456 1488 537 1550 lium
552 1499 664 1551 contra
678 1486 761 1570 regis
777 1486 924 1563 iniurias,
942 1509 1017 1550 cum
1031 1488 1087 1551 ille
1103 1489 1189 1551 ultra
1205 1488 1255 1553 ius
1271 1490 1426 1554 uictoriae
1441 1489 1474 1551 in
1494 1489 1611 1572 templa

456 1605 489 1657 et
510 1616 579 1657 aras
602 1605 635 1658 et
656 1593 801 1677 sepulcra
822 1593 893 1675 ipsa
913 1592 1063 1656 saeuiret.
1099 1594 1222 1677 placuit
1244 1594 1372 1659 senatui
1396 1617 1492 1678 opem
1513 1593 1610 1657 tantis

455 1700 536 1763 ferre
551 1698 762 1784 supplicibus
787 1698 906 1782 quippe
921 1697 987 1762 iam
1000 1699 1147 1782 gentium
1162 1722 1252 1783 reges
1268 1701 1365 1764 duces
1380 1699 1495 1783 populi
1509 1699 1608 1762 natio·
1626 1711 1647 1760 11

455 1828 512 1869 nes
527 1804 687 1889 praesidia
701 1804 763 1868 sibi
778 1807 818 1868 ab
833 1805 894 1867 hac
909 1806 988 1867 urbe
1003 1807 1200 1888 repetebant.
1225 1802 1386 1888 ”primum
1407 1805 1510 1889 igitur
1531 1804 1641 1870 Lael

457 1912 535 1974 uino
557 1911 688 1974 consule
709 1911 849 1994 populus
876 1913 1043 1974 Romanus
1071 1912 1202 1976 Ionium
1226 1934 1314 1975 mare
1336 1910 1522 1993 ingressus,
1546 1922 1610 1974 tota

458 2017 613 2083 Graeciae
641 2017 736 2080 litora
762 2018 866 2081 ueluti
897 2018 1111 2101 triumphanti
1143 2018 1245 2081 classe
1278 2017 1475 2101 peragrauit.
1512 2016 1611 2100 spolia
1642 2023 1644 2028 '

456 2122 576 2207 quippe
592 2122 720 2186 Siciliae
736 2123 904 2187 Sardiniae
919 2123 1100 2206 Hispaniae
1115 2123 1242 2186 Africae
1257 2123 1476 2206 praeferebat,
1501 2135 1534 2186 et
1548 2144 1610 2186 ma·

457 2229 608 2294 nifestam
623 2229 792 2293 uictoriam
805 2240 883 2292 nata
896 2228 931 2292 in
951 2230 1111 2312 praetoria
1130 2230 1233 2312 puppi
1253 2229 1365 2293 laurus
1386 2229 1608 2311 pollicebatur.
1630 2235 1655 2287 15

458 2337 568 2399 aderat
584 2346 697 2418 sponte
712 2335 749 2397 in
764 2335 922 2399 auxilium
935 2335 1067 2398 Attalus
1087 2357 1145 2398 rex
1168 2337 1458 2418 Pergamenorum,
1482 2337 1613 2398 aderant

450 2440 598 2517 Rhodii,
620 2441 771 2504 nauticus
786 2442 944 2524 populus,
970 2440 1026 2521 qui
1040 2440 1180 2504 nauibus
1195 2440 1330 2516 amari,
1352 2442 1466 2505 consul
1490 2464 1511 2504 a
1525 2440 1612 2512 terris

458 2546 566 2609 omnia
581 2546 671 2628 equis
686 2546 828 2629 uirisque
843 2545 1020 2629 quatiebat.
1044 2545 1094 2608 bis
1110 2545 1236 2621 uictus,
1252 2546 1303 2609 bis
1317 2547 1449 2630 fugatus
1464 2570 1524 2611 rex
1532 2594 1543 2624 ,
1565 2546 1612 2611 bis

456 2663 576 2716 exutus
591 2651 716 2727 castris,
733 2674 808 2715 cum
822 2662 932 2715 tamen
943 2650 1028 2714 nihil
1039 2650 1213 2715 terribilius
1225 2653 1459 2716 Macedonibus
1470 2652 1536 2715 fuit
1546 2653 1613 2736 ipso

457 2758 627 2822 uolnerum
642 2767 791 2840 aspectu,
808 2778 890 2839 quae
905 2780 973 2820 non
988 2756 1120 2839 spiculis
1136 2779 1196 2821 nec
1211 2757 1338 2841 sagittis
1352 2780 1413 2821 nec
1429 2759 1500 2822 ullo
1515 2759 1612 2823 Grae
1630 2762 1658 2817 1(

458 2863 531 2926 culo
546 2863 640 2938 ferro,
658 2864 715 2925 sed
729 2861 915 2944 ingentibus
927 2862 1002 2944 pilis
1014 2885 1074 2925 nec
1085 2863 1263 2927 minoribus
1276 2865 1390 2927 adacta
1400 2864 1521 2946 gladiis
1532 2866 1615 2928 ultra

457 2979 592 3032 mortem
598 2968 763 3052 patebant.
778 2966 942 3031 enimuero
949 2968 1221 3032 Flamininoduce
1227 2968 1335 3033 inuios
1343 2972 1616 3035 anteaChaonum

456 3086 582 3138 montes
596 3076 766 3156 Aoumque
786 3094 914 3136 amnem
933 3095 992 3156 per
1013 3074 1150 3156 abrupta
1169 3076 1342 3138 uadentem
1364 3086 1397 3138 et
1418 3076 1492 3160 ipsa
1511 3078 1615 3140 Mace

457 3180 572 3244 deniae
587 3180 727 3244 claustra
741 3178 995 3263 penetrauimus.
1009 3178 1159 3244 introisse
1174 3181 1310 3245 uictoria
1324 3180 1399 3244 luit.
1413 3204 1493 3262 nam
1507 3194 1617 3267 postea

416 3325 422 3340 ·
456 3308 635 3369 numquam
650 3307 747 3349 ausus
763 3285 914 3367 congredi
937 3307 994 3348 rex
1016 3286 1057 3348 ad
1077 3285 1240 3362 tumulos,
1269 3309 1348 3369 quos
1371 3290 1615 3372 Cynocephalas
1632 3293 1658 3348 tt

458 3402 593 3469 nocant,
610 3390 677 3454 uno
692 3414 729 3453 ac
745 3413 786 3453 ne
801 3391 863 3455 hoc
878 3390 1009 3472 quidem
1023 3390 1109 3453 iusto
1123 3391 1246 3474 proelio
1270 3390 1498 3476 opprimitur.u
1523 3406 1557 3458 et
1570 3386 1658 3478 1111111

457 3499 587 3583 quidem
602 3496 715 3562 consul
730 3518 843 3579 pacem
858 3496 946 3560 dedit
961 3518 1161 3579 regnumque
1176 3498 1353 3575 concessit,
1370 3521 1466 3578 mox,
1484 3523 1527 3564 ne
1542 3500 1617 3583 quid

457 3617 540 3671 esset
555 3605 684 3681 hostile,
703 3604 831 3666 Thebas
847 3611 880 3665 et
894 3603 1060 3664 Euboeam
1076 3614 1108 3665 et
1122 3613 1323 3685 grassantem
1343 3606 1403 3667 sub
1418 3606 1552 3670 Nabide
1572 3617 1616 3689 ty·

457 3734 559 3777 ranno
575 3734 634 3775 suo
649 3711 893 3778 Lacedaemona
908 3707 1105 3791 conpescuit.
1128 3709 1285 3773 Graeciae
1300 3731 1378 3773 uero
1392 3723 1541 3775 ueterem
1555 3722 1615 3776 sta·

462 4001 473 4049 1
488 3995 566 4067 quasi
579 3996 649 4049 asiae
662 3995 792 4066 1111111111
805 3996 843 4049 sic
856 3994 988 4065 11111111Ν11
1003 3996 1017 4046 3
1030 3994 1174 4064 11111Ν116
1188 3996 1288 4066 quoda
1299 3995 1310 4066 11
1324 3991 1614 4058 1111111111111111111,

459 4083 611 4137 sociauerat
621 4093 647 4135 N
657 4084 666 4153 11
679 4085 695 4134 8
707 4080 808 4150 templa
819 4098 879 4134 aras
891 4092 916 4133 N
926 4080 935 4151 11
949 4084 965 4133 9
978 4079 1120 4150 sepulchra
1130 4092 1156 4133 N
1165 4080 1175 4151 11
1190 4084 1222 4134 10
1237 4088 1294 4134 taur
1312 4093 1338 4133 N
1352 4081 1361 4150 11
1377 4084 1406 4133 11
1421 4082 1590 4151 petebantn'
1605 4079 1614 4148 1

457 4169 544 4239 primo
556 4179 582 4220 N
591 4169 600 4238 11
616 4171 647 4221 13
660 4166 780 4237 grecias
793 4168 802 4236 11
824 4170 854 4218 14
870 4164 1011 4235 hispaniae
1023 4182 1065 4216 om
1076 4176 1091 4216 1
1103 4164 1112 4235 11
1125 4165 1313 4235 praeferebant
1327 4166 1390 4229 ΝΙΡ,
1405 4167 1562 4235 praferebet
1573 4178 1597 4220 N
1606 4164 1614 4234 11

462 4258 491 4306 15
511 4270 593 4325 quam
608 4260 673 4306 nata
693 4265 708 4305 1
720 4251 728 4322 11
742 4250 779 4302 im
797 4263 817 4303 B
830 4252 838 4321 11
851 4268 942 4321 puppe
961 4262 986 4302 Ν
997 4249 1006 4318 11
1027 4253 1056 4301 11
1076 4250 1124 4319 qui
1141 4251 1257 4304 nauibus
1275 4250 1497 4304 memnonias.-
1523 4252 1617 4323 quibus

457 4351 513 4392 ΝιΝ
524 4338 533 4408 11
550 4338 680 4391 18111111
692 4352 741 4389 rex
753 4334 795 4388 bis
807 4341 907 4389 exutus
922 4333 965 4387 bis
977 4333 1090 4403 fugatus
1102 4336 1247 4407 1111111Ν11
1260 4335 1474 4389 10111111111111
1487 4337 1497 4407 1
1510 4342 1615 4407 aspecto

463 4424 488 4489 1,
503 4424 633 4494 adspectu
645 4434 671 4477 Ν
681 4423 690 4494 11
702 4419 904 4484 1111111111ο111,
916 4418 1094 4490 1111111111οΝ11
1106 4424 1140 4473 23
1152 4421 1297 4491 Aoumque
1319 4420 1448 4474 Vinctos:
1468 4434 1614 4490 mirumque

458 4520 486 4571 B,
501 4525 630 4579 saumque
642 4520 664 4571 1,
681 4508 800 4576 dumque
813 4516 837 4556 Ν
849 4505 857 4574 1
871 4521 980 4557 ornnem
991 4517 1016 4557 Ν
1026 4504 1035 4574 11
1049 4504 1145 4557 abruta
1156 4517 1185 4567 B,
1199 4504 1327 4558 obrutum
1338 4505 1368 4558 11’
1380 4506 1390 4576 1
1403 4512 1433 4559 et
1444 4506 1480 4559 ad
1492 4518 1515 4569 l,
1530 4505 1565 4557 ad
1574 4516 1593 4555 11
1604 4501 1611 4570 1

459 4595 492 4643 24
505 4592 706 4660 penetrabimus
717 4604 743 4646 Ν
758 4591 767 4663 11
788 4593 821 4642 25
834 4590 1003 4661 cynocelalas
1014 4602 1048 4654 n,
1079 4590 1276 4659 cynocephalos
1293 4603 1310 4643 1
1327 4589 1336 4660 11
1356 4594 1390 4645 26
1407 4591 1459 4644 hac
1478 4608 1513 4643 ne
1530 4588 1611 4658 11128

461 4673 629 4743 grassentem
641 4677 811 4745 summauide
823 4693 874 4729 suo
885 4689 910 4730 N
921 4676 929 4746 11
943 4678 977 4728 29
989 4692 1038 4728 suo
1050 4680 1078 4727 et
1090 4674 1279 4728 lacedaemona
1290 4688 1309 4727 Β
1322 4674 1331 4744 11
