3809 5534
362 582 403 659 41
849 597 918 643 ivm
935 598 1034 644 raoni

363 750 555 833 pertinebat.
581 749 634 813 hic
650 748 888 831 Lysimachiam
910 750 1023 813 urbem
1037 749 1072 812 in
1084 748 1176 812 litore
1191 746 1331 811 Thracio
1345 746 1489 829 positam
1505 768 1525 808 a

364 855 538 920 maioribus
554 854 621 919 suis
631 855 812 919 Antiochus
824 865 861 919 ut
872 855 1065 919 hereditario
1076 854 1146 917 iure
1156 854 1331 937 repetebat.
1350 852 1414 915 hoc
1429 853 1525 914 uelut

364 962 467 1026 sidere
481 960 617 1024 Asiatici
630 961 709 1023 belli
723 972 811 1025 mota
825 972 1009 1045 tempestas.
1042 969 1091 1024 set
1105 960 1266 1023 maximus
1287 980 1421 1042 regum,
1445 978 1524 1021 con·

366 1079 473 1132 tentus
490 1066 615 1130 fortiter
628 1066 783 1131 indixisse
797 1069 932 1144 bellum,
949 1089 1024 1130 cum
1038 1066 1164 1149 ingenti
1175 1066 1312 1149 strepitu
1323 1086 1361 1128 ac
1377 1064 1525 1127 tumultu

364 1175 520 1239 mouisset
534 1196 575 1237 ex
588 1173 679 1250 Asia,
696 1173 859 1257 occupatis
875 1172 985 1237 statim
999 1173 1115 1236 insulis
1135 1172 1355 1255 Graeciaeque
1376 1170 1528 1234 litoribus
1542 1182 1556 1231 5

365 1281 432 1345 otia
446 1290 480 1344 et
493 1281 590 1343 luxus
605 1278 697 1362 quasi
712 1278 815 1342 uictor
829 1279 984 1362 agitabat.
1009 1279 1164 1342 Euboean
1184 1278 1325 1342 insulam
1340 1275 1524 1339 continenti

366 1387 593 1450 adhaerentem
607 1384 699 1448 tenui
713 1384 793 1448 freto
809 1384 1080 1468 reciprocantibus
1092 1385 1184 1467 aquis
1191 1383 1334 1467 Euripus
1346 1382 1519 1446 abscindit.

261 1502 266 1512 '
365 1492 418 1556 hic
432 1492 488 1557 ille
502 1492 615 1576 positis
630 1490 734 1555 aureis
750 1490 921 1573 sericisque
937 1490 1083 1553 tentoriis
1096 1491 1156 1553 sub
1171 1490 1241 1573 ipso
1253 1488 1327 1552 freti
1341 1508 1521 1560 murmure,

366 1620 441 1662 cum
461 1598 674 1683 praefluentes
697 1618 797 1679 aquae
820 1596 908 1659 tibiis
928 1597 1109 1679 fidibusque
1130 1595 1355 1670 concinerent,
1384 1592 1520 1656 conlatis

366 1705 509 1786 undique
524 1696 672 1787 quamuis
687 1724 744 1785 per
758 1700 898 1765 hiemem
912 1702 1005 1777 rosis,
1021 1724 1063 1764 ne
1078 1724 1145 1765 non
1160 1701 1268 1784 aliquo
1277 1721 1396 1783 genere
1407 1700 1520 1762 ducem
1538 1710 1561 1759 n

367 1819 487 1893 ageret,
504 1810 671 1893 uirginum
685 1795 918 1892 puerorumque
933 1808 1070 1871 dilectus
1086 1808 1236 1871 habebat.
1262 1808 1361 1870 talem
1382 1828 1460 1889 ergo
1474 1828 1519 1867 re

366 1936 442 1998 gem
455 1915 520 1978 iam
534 1915 664 1978 luxuria
679 1936 738 1978 sua
751 1914 947 1977 debellatum
962 1913 1068 1977 Acilio
1083 1913 1259 1977 Glabrione
1273 1913 1407 1975 consule
1420 1934 1518 1995 popu·

367 2016 419 2080 lus
435 2019 603 2083 Romanus
617 2019 652 2081 in
667 2018 776 2082 insula
791 2020 960 2102 adgressus
976 2019 1045 2103 ipso
1061 2020 1172 2082 statim
1193 2020 1353 2081 aduentus
1368 2017 1422 2081 sui
1436 2039 1517 2080 nun-

368 2121 413 2185 tio
429 2124 532 2207 coegit
547 2126 587 2188 ab
601 2124 710 2188 insula
724 2125 844 2209 fugere.
870 2135 941 2188 tum
960 2125 1168 2209 praecipitem
1188 2135 1266 2207 aput
1287 2124 1519 2207 Thermopylas

368 2230 555 2307 adsecutus,
579 2232 686 2295 locum
702 2240 915 2293 trecentorum
937 2232 1104 2294 Laconum
1125 2230 1268 2312 speciosa
1287 2230 1378 2293 clade
1401 2251 1518 2293 memo
1540 2236 1575 2288 15

368 2336 522 2411 randum,
549 2358 590 2399 ne
616 2337 661 2400 ibi
683 2337 813 2420 quidem
834 2335 956 2399 fiducia
970 2336 1033 2399 loci
1054 2336 1256 2399 resistentem
1276 2336 1359 2398 mari
1380 2358 1418 2399 ac
1439 2346 1520 2399 terra

367 2441 478 2503 cedere
494 2442 607 2525 co‘egit.
634 2442 744 2506 statim
758 2452 791 2505 et
805 2464 823 2505 e
837 2440 977 2525 uestigio
999 2441 1064 2505 itur
1078 2441 1113 2503 in
1137 2442 1274 2526 Syriam.
1299 2441 1413 2505 elassis
1434 2441 1521 2525 regia

368 2545 586 2629 Polyxenidae
607 2548 825 2632 Annibalique
847 2547 1019 2611 commissa
1043 2583 1075 2593 -—
1103 2570 1181 2610 nam
1201 2571 1259 2612 rex
1282 2547 1442 2631 proelium
1463 2568 1521 2610 nec

367 2662 510 2735 spectare
520 2663 658 2736 poterat,
668 2693 707 2703 --
718 2654 945 2718 duceAemilio
952 2652 1093 2737 Regillo,
1104 2652 1521 2737 adremigantibusRhodiis

367 2768 436 2821 tota
448 2758 617 2822 laceratur.
642 2782 684 2823 ne
699 2760 762 2823 sibi
781 2761 931 2844 placeant
952 2759 1118 2823 Athenae!
1143 2761 1180 2824 in
1199 2760 1362 2823 Antiocho
1382 2760 1520 2823 uicimus
1538 2765 1578 2820 2⁰

367 2864 519 2941 Xerxen,
543 2865 578 2927 in
593 2865 732 2927 Aemilio
746 2866 936 2929 Alcibiaden
952 2866 1180 2949 aequanimus,
1204 2866 1334 2950 Epheso
1357 2865 1522 2929 Salamina

367 2969 587 3051 pensauimus.
612 2980 683 3033 tum
698 2971 829 3034 consule
846 2957 1008 3055 Scipione,
1025 2972 1078 3035 cui
1092 2972 1207 3049 frater,
1232 2971 1288 3034 ille
1308 2971 1406 3034 modo
1421 2972 1521 3035 uictor

367 3074 575 3158 Carthaginis
589 3075 773 3154 Africanus,
792 3079 901 3141 aderat
915 3078 1101 3142 uoluntaria
1115 3078 1288 3161 legatione,
1305 3077 1463 3141 debellari
1476 3100 1519 3141 re·

366 3201 442 3263 gem
455 3180 571 3263 placet.
597 3192 630 3245 et
649 3181 715 3245 iam
735 3193 802 3248 toto
825 3197 963 3248 cesserat
984 3185 1085 3261 mari,
1114 3188 1170 3249 sed
1190 3205 1249 3247 nos
1270 3184 1357 3247 imus
1373 3184 1517 3248 ulterius.

367 3286 581 3350 Maeandrum
603 3289 644 3350 ad
665 3310 792 3352 amnem
812 3302 1019 3374 montemque
1047 3290 1196 3374 Sipylum
1218 3300 1322 3353 castra
1343 3301 1517 3373 ponuntur.
1537 3298 1559 3349 ²⁵

366 3390 421 3454 hic
434 3414 510 3469 rex,
527 3392 714 3458 incredibile
729 3395 820 3459 dictu
833 3397 951 3480 quibus
967 3396 1116 3473 auxiliis,
1141 3397 1258 3480 quibus
1274 3396 1396 3480 copiis,
1414 3416 1520 3459 conse·

366 3499 467 3561 derat.
494 3508 637 3563 trecenta
650 3500 742 3564 miha
755 3502 919 3586 peditum,
942 3503 1089 3586 equitum
1102 3503 1357 3586 falcatorumque
1372 3522 1521 3564 curruum

365 3626 431 3668 non
446 3604 553 3669 minor
567 3629 733 3671 numerus.
759 3608 942 3691 elephantis
959 3610 1001 3672 ad
1015 3608 1078 3671 hoc
1092 3608 1258 3672 inmensae
1272 3605 1519 3692 magnitudinis,

365 3894 380 3943 3
394 3891 512 3945 asiastici
524 3892 595 3946 bella
605 3905 631 3946 N
641 3893 650 3964 11
663 3901 705 3947 set
715 3894 933 3949 Freinshemius:
947 3902 975 3948 et
986 3907 1029 3948 ΒΝ
1046 3895 1056 3966 11
1069 3900 1085 3949 4
1097 3895 1229 3949 indixisse
1249 3899 1396 3947 contentus
1417 3893 1520 3947 fortiter

365 3975 506 4030 induxisse
517 3975 619 4031 bellum
625 3992 654 4044 N,
669 3986 819 4034 conuentus
828 3980 935 4033 fortiter
946 3979 1077 4033 indixisse
1084 3979 1220 4033 bellumN
1230 3980 1239 4050 11
1252 3995 1313 4032 cum
1320 3990 1389 4030 oms
1402 3977 1412 4048 1
1425 3982 1441 4033 6
1454 3985 1518 4032 tam·

365 4080 446 4134 quam
458 4062 546 4115 uictor
556 4075 582 4115 N
592 4064 600 4135 11
614 4066 744 4118 euboeam
755 4077 781 4118 Ν
791 4065 799 4135 11
814 4070 828 4117 7
841 4064 930 4118 tenuit
940 4064 985 4135 Ν1
998 4065 1115 4119 abscidit
1121 4078 1166 4118 ΒΝ
1176 4067 1185 4136 11
1200 4069 1214 4119 8
1228 4064 1369 4133 siricisque
1379 4077 1400 4117 B
1413 4064 1422 4135 1
1436 4068 1452 4117 9
1465 4080 1520 4133 pre·

364 4148 479 4203 fluentes
485 4165 529 4218 aq.
537 4148 644 4213 tibine,
653 4150 825 4204 interfluente
830 4150 905 4204 tibiis
913 4162 939 4203 Ν
949 4150 958 4221 11
972 4151 1123 4204 contineret
1132 4163 1159 4204 N
1169 4150 1178 4221 1
1194 4155 1224 4203 10
1236 4149 1347 4221 aliquod
1360 4167 1461 4220 genere
1473 4149 1520 4202 du·

365 4252 423 4288 cem
430 4240 542 4304 generet
547 4246 575 4299 B,
590 4235 682 4305 aliquo
689 4234 789 4288 ducum
797 4253 895 4306 genere
907 4253 988 4306 agere
1000 4236 1170 4290 uidereturN
1180 4237 1189 4306 11
1205 4240 1235 4289 12
1244 4253 1293 4289 sua
1304 4234 1464 4304 luxuriaNli
1477 4234 1520 4288 de·

363 4318 495 4373 bellatum
502 4320 619 4390 populus
626 4337 754 4374 romanus
761 4321 839 4374 acilio
852 4321 992 4391 glabrione
1005 4320 1116 4374 consule
1128 4321 1190 4375 inN
1199 4321 1208 4392 11
1223 4324 1254 4373 14
1263 4333 1350 4374 cums
1363 4321 1373 4391 1
1390 4324 1420 4374 15
1428 4327 1528 4373 trecen·

364 4404 432 4482 tisN
442 4403 451 4474 11
464 4404 559 4458 sedeN
569 4405 578 4477 11
593 4410 623 4459 17
633 4412 661 4459 et
667 4418 733 4459 exN
743 4407 752 4477 11
765 4406 862 4460 clausis
874 4406 976 4477 stregia
986 4418 1011 4458 N
1021 4405 1030 4474 ΙΙ
1046 4408 1077 4459 18
1089 4406 1247 4478 polyxenidi
1254 4418 1280 4460 N
1290 4405 1299 4476 1
1315 4409 1462 4477 ltpoterat
1472 4402 1520 4474 igi-

364 4496 409 4541 tur
417 4488 515 4543 duceN
527 4490 536 4562 11
550 4491 811 4561 lopiaceathenaeN
823 4490 832 4561 11
846 4494 875 4543 21
886 4503 1007 4545 xersenfl
1020 4490 1029 4560 11
1042 4490 1225 4546 alcibiadems
1238 4492 1247 4563 11
1260 4490 1402 4562 efesiilel
1416 4494 1449 4544 22
1459 4506 1520 4561 pen·

365 4589 455 4627 samus
467 4587 492 4626 N
502 4576 510 4646 11
524 4580 555 4629 23
569 4577 724 4631 uoluntaria
735 4578 875 4647 legatione
888 4576 982 4631 aderat
993 4588 1018 4629 N
1029 4576 1037 4645 1
1051 4578 1083 4628 25
1097 4575 1214 4647 sipylum
1226 4584 1253 4631 et
1264 4575 1363 4647 spilum
1375 4582 1465 4631 castra
1475 4586 1500 4628 N
1507 4575 1517 4644 1

366 4661 397 4709 27
411 4658 618 4732 falcatoremque
630 4675 649 4716 B
662 4665 670 4734 1
